2596 4718
163 579 166 587 ·
190 555 248 621 lle
272 555 310 619 iis
332 550 540 618 solummodo
565 549 779 628 animalibus,
811 550 846 614 in
869 550 990 638 quibus
1010 572 1127 620 nervos

157 665 387 740 observamus,
424 659 705 751 considerationes
721 669 724 681 ’
738 668 872 724 nostrae
897 669 973 724 sunt
999 661 1130 727 institu-

160 774 278 839 endae.
318 781 324 792 “
488 769 491 778 ’
1053 854 1055 857 v

202 875 305 964 Quod
347 879 392 944 ad
434 878 608 943 animalia*
629 878 788 964 pertinet,
828 879 864 942 in
899 877 1020 966 qsribus
1057 879 1147 943 uni-.

159 996 236 1057 eum
274 999 404 1055 tantum
440 1008 616 1065 nervorum
650 996 788 1074 systema
816 988 995 1072 reperitur,
1026 987 1134 1052 inanis

161 1108 250 1163 certe
270 1107 317 1162 est
336 1080 394 1161 illa
416 1097 472 1175 lis,
497 1078 607 1162 utrum
628 1107 768 1183 systema
797 1097 958 1173 animale,
989 1117 1032 1161 an
1054 1117 1134 1163 vero

160 1207 380 1293 vegetativum
419 1206 459 1269 sit
494 1205 784 1291 nuncupandum?
817 1205 991 1292 Utroque
1015 1227 1134 1292 nempe

128 1370 137 1377 .
161 1315 295 1379 nomine
321 1314 588 1401 distinguendum
607 1334 722 1380 revera
743 1325 812 1393 est,
837 1336 940 1400 quum
958 1335 1136 1381 nervorum

161 1424 332 1511 utriusque
373 1424 468 1492 Vitae
510 1424 604 1511 dotes
621 1425 817 1489 'necessario
855 1445 923 1488 una
947 1425 1137 1511 ¹complecti

162 1531 261 1596 debet
290 1531 398 1597 hoece
423 1543 573 1619 systema.
621 1532 726 1595 ‘Nullo
753 1533 841 1597 enim
868 1534 970 1598 modo
999 1534 1135 1599 eredere

161 1660 317 1726 possum,
337 1641 497 1704 animalia
523 1642 579 1706 illa
602 1642 821 1727 vegetativam
846 1638 1054 1706 solummodo
1076 1642 1134 1706 de-

126 1779 129 1791 ·
162 1770 238 1836 gere
263 1750 386 1830 vitam,
411 1750 533 1814 animal
554 1750 641 1814 enim
668 1749 794 1835 absque
817 1749 1042 1815 functionibus
1061 1746 1137 1816 ver'e

165 1856 362 1922 animalibus
382 1857 465 1944 fingi
485 1858 613 1944 nequit.
632 1892 677 1906 -
698 1856 876 1924 Contendit
894 1857 1030 1944 quidem
1050 1857 1137 1923 cele·

164 1964 324 2049 berrimus
352 1986 483 2032 armus
510 1964 559 2052 (1)
578 1966 627 2029 ‘in
640 1965 812 2044 ¹nonnullis
829 1950 1020 2032 animalium
1038 1986 1136 2052 gene·

256 2311 291 2362 ad
307 2307 375 2363 hane
390 2312 615 2380 comparationem
630 2328 690 2364 eum
700 2313 869 2376 articulatis,
887 2310 915 2363 iu
933 2310 1031 2381 quibus
1044 2309 1143 2362 maxil·¹

253 2393 296 2446 lae
309 2393 446 2460 laterales,
465 2401 495 2446 ut
512 2396 541 2445 in
557 2393 640 2449 hocce
657 2396 817 2448 animalculo
832 2395 979 2460 infusorio,
998 2395 1142 2448 inveniun-

254 2483 317 2544 tur,
337 2476 518 2531 Clarissimum
535 2476 632 2533 Virum
653 2480 791 2546 perduxit.
807 2507 843 2524 -
863 2478 1005 2531 Caeterum
1023 2480 1077 2547 jam
1097 2477 1142 2530 Cl.

252 2571 443 2624 autumnus
469 2562 626 2613 sententiam
652 2562 818 2630 protulerat,
844 2562 928 2613 multa
955 2561 1084 2614 inlusoris
1107 2560 1143 2612 ad
1204 2568 1208 2578 ¹

178 2681 181 2686 ·
253 2642 396 2695 Crustaeea
415 2645 558 2712 pertinere.
595 2644 687 2713 (Cous.
707 2647 782 2698 Diri.
798 2648 841 2697 des
859 2663 895 2697 sc.
910 2651 1022 2709 natur„
1042 2642 1076 2695 Τ.
1097 2647 1143 2697 60.
1179 2628 1186 2681 Ϊ

253 2744 311 2794 pag.
332 2726 407 2794 142),
423 2755 459 2768 -
476 2726 774 2793 celeberrimarum
792 2727 821 2778 in
838 2729 954 2778 Actinir's
971 2742 1071 2778 nervos
1088 2743 1144 2778 sese

255 2809 426 2874 observasse,
455 2802 615 2861 contendit(
648 2810 784 2863 Delineati
810 2807 840 2860 hi
867 2809 945 2861 nervi
969 2809 1144 2861 inveniuntur
1237 2847 1239 2851 -
1261 2795 1268 2806 ’

254 2893 283 2944 in
300 2894 418 2945 Annales
434 2895 470 2944 du
486 2896 606 2946 Murrum
623 2894 774 2946 d’Hr'stor're
790 2892 947 2957 Naturale,
967 2890 1046 2943 Tum·
1056 2891 1145 2944 Xlll.

256 2975 366 3046 (1809).
383 2974 452 3029 Tab.
470 2978 512 3028 33.
531 2976 591 3046 Fig.
609 2978 688 3029 1.-
710 2976 754 3029 Cl·
774 2989 951 3029 mauruntus
971 2993 1035 3029 vero
1054 2975 1146 3027 etalii

255 3055 319 3193 Xiri
342 3058 426 3111 Ducti
453 3058 591 3127 dubitant,
622 3067 714 3112 utrum
730 3060 807 3114 nervi
824 3059 894 3128 siut,
915 3076 984 3130 quos
1000 3059 1060 3112 Cel.
1078 3073 1146 3112 ⁸le

204 3147 206 3151 ’
275 3141 408 3196 amessia
438 3155 440 3159 '

247 3246 250 3253 ·
290 3228 415 3279 Asteriae
441 3227 497 3279 sius
523 3227 608 3287 dubio
633 3227 722 3281 infimi
735 3199 849 3280 'ordinis
873 3227 997 3279 animalia
1021 3221 1147 3291 sunnin
1259 3272 1262 3279 .

255 3308 355 3378 quibus
372 3311 448 3362 nervi
467 3313 654 3366 observantur.
689 3312 725 3363 Hi
744 3306 820 3366 nervi
840 3306 956 3379 primum
980 3328 995 3361 a
1014 3310 1058 3362 Cl.
1077 3324 1148 3362 'na-

256 3405 404 3445 nemauso
422 3394 548 3466 descripti
567 3403 646 3466 atque
663 3396 789 3448 delineati
806 3403 877 3448 sunt.
911 3394 1070 3448 Mucxsu's
1086 3397 1147 3445 Ar·

254 3477 386 3544 ehivfitr
408 3481 448 3530 die
466 3481 649 3549 Physiologie,
676 3478 756 3533 Toni.
775 3480 799 3532 1.
824 3479 901 3532 1815.
926 3497 984 3548 pag.
1005 3477 1052 3530 161
1071 3494 1147 3546 seqq.

254 3555 324 3610 Tau,
337 3558 393 3610 lll·
413 3560 470 3629 Fig.
481 3563 521 3628 3.;
541 3577 569 3615 ι’.
587 3577 788 3629 stanuum,
807 3565 1010 3616 Auutoms'eder
1022 3563 1147 3614 astren-

258 3642 435 3709 Holothurie,
460 3647 504 3697 des
526 3636 795 3714 Pomeranejurbigm
819 3644 955 3699 Seerterns
980 3647 1037 3696 und
1056 3646 1148 3696 Stein—
1220 3695 1222 3706 χ

181 3768 186 3773 ,
244 3718 386 3792 ’διιίςιὶῃ
404 3725 550 3782 Landsbut
561 3732 637 3783 1816.
655 3732 742 3797 folio,
761 3747 822 3800 paga
837 3731 881 3782 62.
900 3729 969 3781 Tab.
981 3728 1034 3780 lx.
1051 3727 1109 3796 Εἰς.
1120 3728 1147 3778 2.

195 3806 239 3878 (1)
257 3807 353 3875 Rutu,
385 3811 468 3863 Urber
492 3815 533 3864 die
562 3816 768 3882 Eigensrlsuften
793 3816 837 3865 der
866 3809 1150 3879 Gauglieu·System's

259 3892 314 3943 und
328 3895 560 3959 seinVerlss'iltnirs
577 3915 637 3949 zum
657 3897 920 3965 Cerebrul-System
938 3891 1081 3960 Rutuuud
1090 3904 1150 3946 Att-
1214 3915 1215 3919 ¹

263 3978 447 4032 rasarrra’s
463 3983 579 4052 Archiv,
598 3979 677 4035 Tum.
696 3978 765 4033 Vll.
787 3979 895 4049 (1807).
913 3995 973 4048 pag.
994 3977 1054 4030 189.
