2596 4718
610 358 672 426 172

174 615 177 618 Α
205 547 278 611 Hoc
294 545 371 608 loco
393 561 456 627 ago
474 540 516 604 de
536 539 728 626 Aoephalia‚
748 559 816 604 non
835 540 878 604 de
894 540 1133 628 Aneneepha·

158 659 219 734 lie,
262 674 358 741 quos·
381 652 480 715 etiam
515 670 608 714 meae
639 650 819 714 sententiae
843 671 913 715 non
942 653 1132 718 contrarios

158 787 241 841 esse,
266 785 326 849 per
343 783 376 825 se
391 770 495 847 patet.
513 795 558 807 -
580 760 694 845 Neque
711 759 810 823 etiam
827 759 1037 846 Aeeplralus
1056 762 1128 839 ille,

155 888 255 961 quem
283 871 454 956 descripsit
481 869 591 936 Celeb.
627 891 758 934 casaur
792 868 840 956 (l)
864 870 953 956 etjin
976 892 1051 958 quo
1072 892 1131 936 nee

155 985 249 1049 nervi
274 1004 337 1047 nec
360 980 503 1047 Medulla
528 980 661 1065 spinalis
685 979 819 1044 inventa
841 989 933 1057 sunt,
968 979 1131 1047 theoriam

157 1114 265 1157 meam
282 1090 452 1155 subvertit.
482 1089 554 1152 Hoc
573 1089 660 1152 enim
676 1099 874 1169 monstrum3
893 1090 919 1153 si
936 1111 1058 1156 verum
1072 1102 1129 1168 est,

158 1202 265 1267 nervis
283 1200 368 1264 illud
384 1219 497 1263 carere
520 1195 583 1284 (?)‚
607 1198 660 1262 vix
671 1199 848 1285 majorem,
868 1221 972 1284 quam
983 1201 1131 1265 infimum

157 1312 244 1378 vitae
280 1309 421 1396 gradum
457 1307 621 1393 attigerat.
681 1307 785 1371 Omne
817 1309 1003 1374 Columnae
1030 1320 1132 1376 verte·

81 1440 84 1455 ·
157 1420 274 1495 brulis,
298 1411 523 1481 musculorum
543 1416 809 1503 caetvestigium
818 1417 1131 1485 delirat—Diffici-

156 1531 221 1593 lius
251 1528 435 1613 explicatur
463 1523 719 1615 nassnuar11(2)
750 1526 940 1613 acephalus.
988 1528 1133 1594 Testatur

160 1639 315 1704 nimirum
345 1636 581 1702 Celeberrimus
600 1636 657 1701 ille
675 1636 836 1716 Auctor,-
853 1659 886 1703 se
905 1659 1029 1704 nervos
1046 1641 1130 1706 inve·

158 1749 243 1813 nisse
266 1748 392 1833 absque
410 1746 555 1811 Medulla
577 1746 706 1831 spinali.
728 1783 774 1796 -
794 1748 834 1812 In
853 1734 918 1814 lioe
939 1748 1059 1838 itaque
1082 1770 1133 1815 ea·

159 1880 198 1922 su
213 1868 289 1944 post
304 1878 480 1923 nervorum
496 1857 727 1922 formationem
738 1858 882 1923 Medulla
897 1858 1039 1943 spinalis
1049 1881 1133 1924 mor-

160 1967 241 2033 bose
262 1967 381 2031 affecta
402 1988 469 2031 esse
487 1976 519 2030 et
541 1967 709 2031 evanuisse
727 1967 867 2032 videtur.

206 2076 306 2158 Quod
339 2087 448 2140 autem
477 2076 594 2140 attinet
622 2076 667 2140 a'd
695 2078 885 2162 opinionem
912 2080 1132 2164 quorumdam

158 2185 450 2274 Physiologorum,
476 2184 702 2272 Enoephalum
721 2195 754 2251 et
777 2187 957 2253 Medullum
978 2189 1129 2276 spinulam

163 2318 181 2361 e
208 2297 316 2361 nervis
342 2295 464 2370 evolvi,
488 2292 576 2357 hano
601 2315 700 2360 nemo
726 2316 839 2360 veram
866 2294 992 2362 habere
1010 2305 1128 2384 potest,

54 2469 56 2475 .
94 2388 100 2399 ⁴
164 2409 225 2492 qui
242 2417 373 2471 artuum
390 2424 634 2489 nervorumque
654 2403 698 2468 ad
725 2426 781 2469 eos
801 2405 1052 2472 decurrentium
1071 2407 1136 2471 lor·

131 2584 132 2589 ,
162 2516 343 2580 mationem
363 2514 424 2578 rite
445 2512 681 2590 consideravit,
717 2525 775 2578 aut
802 2515 1029 2581 evolutionem
1057 2536 1136 2604 quo·

144 2680 148 2686 .
163 2627 317 2694 rumdam
335 2625 559 2690 musculorum
578 2644 821 2710 nervorumque
839 2624 884 2688 ad
900 2646 958 2689 eos
974 2627 1139 2712 pertinen·

163 2737 246 2801 tium
263 2733 471 2803 examinavit.
518 2733 645 2818 Cuique
664 2733 834 2820 cognitum
856 2744 919 2810 est,
943 2757 1053 2820 quarn
1071 2755 1135 2800 soro

162 2845 348 2910 formantur
364 2843 513 2928 reliquae
531 2852 658 2927 partes,
677 2853 753 2928 post
772 2842 996 2910 evolutionem
1014 2845 1138 2910 Medul-

165 2955 218 3018 lae
240 2952 374 3040 spinalis
400 2962 432 3015 et
461 2940 653 3035 Enoephaliss

208 3171 279 3238 Hae
304 3174 419 3261 itaque
452 3175 604 3262 aliaeque
634 3175 841 3263 objectiones
867 3175 966 3242 facile
985 3179 1140 3245 refellun-

166 3291 230 3347 tur.
277 3281 312 3345 si
345 3283 418 3368 quis
444 3305 475 3348 v.
500 3307 548 3374 gr,
567 3287 614 3375 xN.
638 3279 835 3373 sympathioi
852 3287 982 3371 privam
1003 3291 1141 3355 existen·

166 3392 247 3456 tiam
272 3389 416 3476 probare
445 3395 596 3478 cupiens,
628 3395 785 3484 objiciat,
818 3395 854 3461 in
875 3395 1003 3483 fatuas
1026 3400 1141 3467 nervos

196 3636 237 3705 (1)
261 3633 363 3689 Philas.
383 3637 493 3688 transuit
512 3637 588 3687 1793.

197 3720 238 3790 (2)
259 3719 339 3772 Conf.
358 3734 407 3773 aa.
426 3734 581 3784 uranum,
600 3718 628 3771 in
650 3720 919 3775 universal-Lerina
932 3723 980 3773 der
984 3726 1147 3790 praetincta

258 3807 372 3859 Modicia
389 3806 444 3856 und
463 3807 600 3870 chirurgio
619 3806 685 3873 frey
711 3807 852 3859 baorbeitot
868 3822 919 3856 aaa
936 3807 1058 3858 mehrem
1075 3809 1148 3859 deut·

258 3889 333 3941 tehen
351 3888 479 3940 Aeraten.
514 3883 626 3957 Leipzig
652 3885 707 3938 und
732 3886 890 3959 Naumburg
916 3886 992 3941 1833.
1030 3888 1110 3942 Tum.
1127 3887 1147 3940 1.

257 3986 318 4038 ru·
335 3973 380 4027 ⁸8·
397 3999 432 4015 -·
