2596 4718
383 872 772 960 INTRODUGTIO.

199 1175 432 1226 coasmtaarlo
448 1175 622 1231 atataatts
640 1175 840 1226 ruacttotttttt
856 1176 960 1227 vltra.

518 1431 671 1462 φ

169 1578 303 1715 Quum
329 1643 558 1714 Fabatianum
583 1650 840 1737 Orgam'earum
861 1671 985 1736 organa
1011 1651 1062 1714 of-

89 1759 220 1823 -ficinae
252 1759 334 1834 sint,
368 1760 402 1820 in
432 1757 551 1844 quibus
581 1759 680 1822 totius
709 1759 857 1843 corporis
884 1759 1064 1824 nutrimen·
1103 1840 1106 1847 A

100 1878 170 1931 turn
200 1852 435 1952 praeparatur,
471 1868 595 1958 nullam
626 1853 765 1935 actionis
796 1869 1065 1933 intermissionem

100 1975 223 2045 lerunt:
256 1975 408 2038 materies
428 1975 529 2050 enim,
560 1996 662 2061 quam
683 1987 899 2060 praeparant,
924 1977 967 2040 ad
990 1998 1064 2042 cor-

99 2085 188 2170 poris
213 2085 494 2148 conservationem
522 2084 656 2147 omniuo
684 2085 870 2170 requiritur.
916 2085 1065 2170 Ipsarum
1101 2077 1127 2089 ”

12 2174 22 2238 .’
98 2195 212 2280 itaque
233 2203 403 2279 protracta
426 2193 618 2257 intermissio
641 2205 697 2258 aut
717 2195 865 2278 plenaria
892 2195 985 2280 quies
1006 2217 1064 2260 co-

50 2294 54 2304 ’
100 2292 196 2390 gitari
216 2304 347 2389 nequit3
373 2325 476 2389 quum
496 2302 752 2367 destructionem
773 2304 873 2367 totius
892 2303 1065 2381 rusellinae

92 2415 187 2488 ,brevi
210 2393 439 2501 provocarat.¹
464 2413 630 2503 Materiem
656 2413 691 2476 in
706 2405 870 2500 'eorporis
891 2434 1065 2490 conserm-

99 2525 221 2590 tionem
262 2523 484 2588 adhibendam
527 2523 734 2586 solummodo
766 2521 952 2600 elaborant,
997 2546 1067 2588 non

100 2635 187 2698 enim
210 2632 385 2721 advehunt⁸
398 2632 532 2695 aliunde
538 2656 546 2708 3
570 2630 653 2695 haec
674 2626 752 2696 'vero
779 2630 872 2695 tatae
893 2630 1065 2696 Animalia
1103 2673 1106 2679 ·

91 2739 349 2810 ‘Faaetz'onz‘bus
372 2740 570 2803 demandata
593 2750 640 2803 est
658 2739 839 2823 provincia.
886 2741 1066 2807 Conferant

100 2851 186 2915 enim
205 2849 369 2913 Animales
387 2849 583 2912 Functiones
602 2869 619 2911 e
638 2847 735 2912 rebus
751 2849 906 2925 externis,
917 2871 1015 2936 quae
1031 2851 1086 2931 inf
1116 2855 1119 2861 '
1152 2896 1159 2910 ,

98 2960 334 3024 nutrimentum
355 2957 504 3043 corporis
523 2957 641 3021 cedere
660 2967 795 3043 possunt
814 2967 847 3043 et
866 2959 995 3044 organis
1006 2959 1064 3026 Vi·
1094 3012 1095 3017 ,

30 3077 34 3084 ’
100 3080 153 3133 tae
176 3068 360 3154 Organicae
378 3053 534 3142 tradunt,
560 3076 596 3129 ut
612 3065 723 3129 debita
745 3066 879 3143 ratione
893 3067 1065 3133 elaboren-
1151 3147 1156 3158 Ι
1182 3066 1188 3074 '

39 3236 41 3240 .
99 3188 166 3256 tur,
193 3177 278 3241 adeo
302 3188 338 3241 ut
359 3175 423 3240 hac
443 3177 477 3240 in
497 3186 592 3261 parte
612 3176 707 3242 Vitae
717 3175 900 3261 Organicae
910 3177 1080 3261 praesint„

101 3288 175 3368 Quo
197 3307 346 3362 munere,
380 3295 416 3348 ut
444 3285 504 3349 rite
525 3285 718 3370 fungantur,
754 3277 924 3350 oduarius
947 3285 1064 3348 condi·

45 3424 52 3436 ·
99 3397 217 3473 tiones,
243 3395 465 3480 materiaeque
487 3394 647 3459 diversam
664 3404 832 3470 naturam,
857 3415 889 3458 se
910 3393 944 3458 in
966 3405 1064 3458 natu·
1156 3417 1161 3438 ¹

24 3565 31 3576 ,
99 3505 160 3568 rali
188 3508 275 3568 statu
296 3504 565 3581 accommodare,
596 3504 748 3590 adeoque
765 3499 912 3568 'diversas
933 3485 1064 3567 modifi-

101 3614 247 3685 cationes
273 3614 466 3678 necessario·
479 3613 586 3677 subire
610 3612 742 3677 debent.
789 3611 984 3684 Functiones
1005 3633 1063 3674 au-

100 3733 166 3793 tem
187 3723 371 3808 ,organicae
402 3723 585 3788 absolutam
615 3720 895 3786 modificationem
926 3719 1091 3783 subeunt

100 3833 240 3904 nullam,
276 3828 434 3919 quoniam
459 3833 584 3896 nullam
606 3831 728 3895 habent
750 3815 909 3893 directam
930 3829 1063 3892 relatio-

98 3963 173 4006 nem
206 3964 281 4006 cum
313 3918 423 4008 rebus¹
441 3942 596 4034 externis,
633 3935 829 4028 quibuscum
859 3925 1064 4002 solummodo
