2596 4718
602 357 676 421 ‚152

166 537 479 621 copula·¹uersorum
499 535 631 621 linguae
648 552 732 600 omn
748 536 1126 625 neruis-‹Vltaessrgani-

166 666 226 709 cae
254 643 450 728 explicanda
464 652 535 706 asse
554 639 682 707 censeo.
727 644 798 708 lloc
818 644 904 708 enim
922 644 1009 709 nain
1027 666 1123 733 orga-
1163 667 1169 681 ¹

165 754 257 817 nicas
283 752 457 817 facultates
486 751 713 837 adipiscuntur
735 752 792 815 illi
804 751 914 830 ιιείνὶ,
944 774 1033 840 qliae
1053 775 1125 820 mu-

164 872 298 938 tantur,
309 860 438 946 prouti
446 861 555 937 nervi,
581 859 776 1009 quibusvis
784 860 867 937 illa
847 861 1067 995 praecipue·-
1074 873 1125 928 est

163 971 277 1046 insita,
297 978 524 1033 mutemur·
974 1018 977 1023 .

187 1079 254 1154 Ne
275 1078 348 1163 quis
366 1075 446 1140 milri
458 1002 620 1162 objiciat,
644 1075 757 1140 hano
752 1076 1019 1167 explicationem
1037 1079 1127 1143 omni

161 1196 245 1261 ¹nota
266 1186 451 1257 convenae
467 1205 552 1250 cum
578 1205 635 1263 ea,
665 1205 892 1270 quam-supra
914 1185 1137 1272 impugnari,-

162 1294 294 1361 untur
320 1293 505 1380 sgmpathia
533 1314 640 1359 sermo
672 1294 735 1363 fuit
764 1291 844 1381 (1).
873 1293 1012 1361 =Plurimi
1040 1295 1127 1362 enim

164 1403 246 1473 virt·
264 1405 379 1480 Docti,
421 1403 481 1488 qui
502 1412 630 1471 cuncta
660 1401 1128 1489 phaenomena-:sympathia

163 1533 243 1597 ope.
250 1510 450 1597 explicant,
493 1511 698 1575 contendunt
730 1511 843 1589 simul,
880 1529 999 1579 nervos
1030 1512 1126 1580 Vitae

77 1625 84 1629 “
163 1621 320 1685 Animalia
340 1620 515 1684 facultates
545 1620 717 1705 organicas
739 1639 820 1685 nou
832 1619 1049 1718 possideam
1038 1640 1125 1721 ipso·

76 1726 78 1731 ’
162 1751 235 1794 rum
262 1730 362 1816 igitur
389 1728 565 1814 explicatio
594 1720 744 1791 innititur
776 1727 1013 1814 conjunctione
1040 1748 1126 1816 qua-

163 1834 261 1915 dam,
292 1839 389 1925 cujus
410 1838 459 1903 vis
479 1847 580 1922 atque
598 1836 743 1923 dignitas
763 1857 877 1902 revera
894 1859 936 1903 ax
954 1836 1020 1923 hae
1040 1858 1124 1924 sym

159 1947 275 2032 patlria
291 1946 455 2032 'explimri
473 1967 543 2011 non
561 1954 708 2030 possunt.
738 1970 783 1993 -a-
811 1945 876 2011 Sed
890 1946 929 2009 si
944 1967 1029 2031 pro·
1047 1965 1124 2012 raro

161 2037 401 2139 accipiamus,
427 2073 539 2117 omnes
574 2073 692 2118 nervos
725 2053 822 2120 Vitae
850 2053 1027 2131 Animalia,
1069 2053 1126 2139 qui

162 2184 238 2229 cum
260 2163 425 2250 organicis
450 2165 556 2229 nervis
581 2163 736 2248 copulam
755 2163 898 2240 ineunt,
913 2163 1046 2248 ex'ipsa
1062 2160 1125 2227 hae

58 2303 61 2308 ’
162 2274 375 2359 copulatione
406 2272 584 2337 ¹facultates
615 2271 789 2358 organicas
818 2271 1012 2357 acquirere,
1049 2279 1126 2335 tunc

160 2381 328 2467 prolecto.
345 2365 443 2443 facile
470 2380 666 2464 explicatur,
683 2379 872 2466 quomodo
896 2379 944 2446 ris
968 2378 1127 2465 organica

161 2491 198 2555 in
214 2489 302 2554 hisce
320 2488 427 2554 nervis
444 2490 539 2557 Vitae
558 2488 715 2553 Animalia
731 2497 897 2577 mutetur,
923 2488 1056 2574 quoties
1067 2488 1128 2555 illa

153 2600 197 2664 ,in
215 2600 322 2665 nervis
343 2597 523 2684 organicis,
548 2598 682 2684 proprie
701 2576 750 2661 sic
773 2596 887 2674 dictis,
911 2597 1127 2672 mutationem

53 2766 59 2775 .
162 2709 259 2773 subit.
271 2699 536 2771 -llarmoniam
556 2717 666 2771 autem
678 2715 710 2770 et
728 2704 960 2792 sympathiam,
986 2726 1128 2792 quarum

60 2798 63 2806 ¹
160 2836 260 2903 snpra
280 2815 481 2903 montionem
498 2804 654 2892 lecimus,
670 2868 673 2873 .
687 2816 887 2881 necessarias
913 2835 996 2881 essse
1019 2814 1128 2902 {hujus

163 2927 303 3011 copulae
334 2925 482 3010 sequelas
510 2924 647 3010 quidem
684 2923 843 2999 arbitror,
882 2924 1017 2994 minima
1034 2942 1126 2991 -vero
1155 3008 1160 3018 ι

162 3034 400 3120 scopnm,·qui
426 3034 462 3113 in
486 3016 688 3099 mutuo'illo
717 3032 839 3099 auxilio
863 3034 942 3099 situs
969 3043 1128 3123 est,·quo

162 3142 254 3207 nervi
272 3142 441 3228 utriusque
462 3143 571 3207 classis
595 3140 785 3228 (organicae
805 3120 929 3207 scilicet
948 3151 981 3205 et
1000 3141 1127 3206 anima·

149 3249 214 3339 lis)
232 3249 370 3336 fim'bus
390 3273 466 3314 sats
487 3254 726 3338 respondeant
746 3248 807 3340 (2)
944 3240 948 3253 '

204 3357 405 3452 Quicunque
422 3359 668 3445 conjunctionis
691 3379 866 3425 nervorum
893 3357 1126 3444 organicorum

88 3519 93 3525 .
162 3484 239 3530 cum
264 3466 371 3532 nervis
389 3466 484 3535 Vitae
501 3467 657 3533 Animalis
675 3467 852 3563 utilitatem
870 3467 918 3530 'in
942 3467 1014 3531 sola
1042 3486 1125 3552 sym·

161 3612 529 3665 ...μ-...ι--ς

192 3765 235 3834 (1)
253 3763 320 3817 vid.
337 3780 416 3832 sopra
433 3779 489 3832 pag.
508 3761 568 3814 118.
586 3777 646 3830 sqq.
731 3774 734 3779 ’

192 3849 234 3918 (2)
253 3847 361 3902 Nemini
377 3854 463 3930 autem
480 3847 576 3916 mirum
588 3845 725 3909 videatur,
745 3861 786 3896 me
802 3843 871 3895 lr'anc
880 3836 1036 3895 sententiam
1045 3841 1126 3903 tueri3

251 3949 302 3984 non
319 3937 385 3987 eum
403 3935 492 3997 credo,
512 3947 603 3985 nervos
613 3931 690 3982 Vitae
700 3929 831 3981 Animalia
844 3942 919 3996 porse
937 3929 1048 3980 existere
1065 3927 1127 3977 aba·
