2596 4718
112 562 210 631 quem
227 544 368 629 primum
385 542 619 625 occupavimus
633 541 667 604 in
682 541 806 604 mundo
823 543 949 620 locum,
967 543 1071 623 hunc,

110 676 179 718 non
198 654 259 716 nisi
280 661 413 715 externo
434 650 572 724 auxilio,
599 649 711 734 adepti
731 670 848 714 sumus
881 651 992 732 Quod
1014 675 1073 718 au·

110 774 175 827 tem
196 762 421 846 impressiones
441 778 509 821 non
536 757 694 843 effugere,
727 769 783 822 aut
809 760 957 825 celeriter
981 768 1074 828 amo-

109 892 184 934 vere
213 870 389 956 possimus,
421 866 517 953 hujus
547 867 647 930 reiin
669 875 770 930 causa
800 879 864 944 est,
897 871 990 955 quod
1020 892 1076 936 cas

11 964 15 969 ⁶
109 1001 179 1043 non
197 977 438 1064 praevidemus,
460 995 524 1038 nec
545 975 645 1066 etiam
665 975 700 1039 in
717 986 919 1041 antecessum
937 1000 1076 1066 compu-

111 1087 362 1167 tare‘valemus.
408 1085 524 1147 Nonne
551 1093 722 1168 praeterea
748 1084 852 1149 libera
879 1098 990 1151 nostra
1015 1067 1075 1152 io-

109 1196 235 1259 luntate
252 1195 304 1286 ud
326 1193 551 1278 impressiones
576 1193 654 1257 istas
681 1192 853 1270 ducimur,
886 1196 937 1260 vel
965 1196 1008 1259 ad
1035 1216 1074 1260 ea

109 1305 224 1367 saltem
242 1305 337 1379 loca,
362 1301 537 1387 inquibus
559 1301 659 1365 serius
681 1302 773 1367 ocius
793 1301 1077 1382 observabuntur?
1117 1294 1125 1307 χ

109 1413 215 1493 Quam
238 1413 422 1496 saepissime
439 1411 635 1505 sensibilitas
661 1421 773 1476 nostra
802 1413 1019 1497 experientiae
1042 1424 1074 1477 et

62 1536 65 1542 ⁴
106 1503 333 1605 providentiae
360 1520 493 1585 defectu
514 1521 641 1614 ingrate
667 1519 832 1584 adficitur.
879 1522 944 1585 Sed
972 1523 1077 1608 impe·

109 1638 160 1692 tus
180 1630 255 1704 ille,
290 1649 358 1712 quo
380 1627 575 1691 sensibilitas
593 1638 706 1711 nostra
727 1630 933 1713 percellitur,
951 1631 1075 1695 attam

108 1738 231 1801 tionem
249 1747 396 1800 nostram
418 1736 574 1800 conciliat
596 1747 629 1800 et
655 1737 755 1822 veluti
781 1738 885 1823 digito
912 1738 1073 1816 ostendit,

109 1864 176 1930 qua
204 1845 332 1909 ratione
357 1844 529 1909 vitandum
557 1845 597 1908 sit
621 1845 823 1930 periculum,
859 1847 993 1933 siquae
1015 1846 1074 1911 ad-

87 1952 174 2018 'huo
197 1953 340 2019 evitandi
362 1975 435 2038 spes
456 1954 593 2039 supersit
617 1953 679 2040 (l).
781 1964 783 1967 ’

82 2267 84 2273 ’
116 2239 173 2317 'ill
193 2240 403 2316 Perceptionem
430 2259 490 2310 non,
513 2257 622 2315 semper
648 2239 770 2315 periculo
796 2232 963 2315 respondere
996 2241 1081 2297 cuivis

195 2343 238 2387 est
259 2326 408 2406 cognitum.
439 2327 508 2384 ‘Nou
524 2329 619 2384 omnia
632 2328 704 2384 enim
719 2348 825 2385 venena
835 2330 948 2403 'ingrate
965 2338 994 2384 et
1009 2328 1083 2385 acri-

196 2431 238 2476 ter
262 2420 385 2495 sapiuut,
415 2419 481 2493 quin
503 2428 532 2474 et
554 2417 695 2473 materiae.
708 2416 811 2474 dautur
837 2417 946 2492 corpori
973 2417 1083 2473 amicis·
1137 2466 1139 2472 ,
1174 2412 1177 2417 ’

195 2509 295 2576 simae,
325 2525 439 2582 quarum
464 2517 556 2561 tamen
578 2524 664 2580 sapor
689 2525 758 2562 non·
771 2506 899 2562 omnibus
923 2505 1083 2564 hominibus

194 2617 284 2672 aeque
305 2596 406 2673 placat.
444 2595 583 2652 Excelsior
607 2594 745 2650 interdum
768 2596 915 2669 requiritur
933 2595 1015 2651 animi
1033 2614 1084 2664 aoy·

195 2687 257 2756 tio„
284 2671 359 2753 uta
381 2684 545 2741 nocentibus
567 2683 643 2738 utilia
664 2683 858 2757 dignoscantur
911 2686 989 2740 Haec
1014 2702 1101 2763 vero*
1158 2727 1163 2736 .

195 2774 266 2830 actio
293 2793 402 2851 semper
419 2771 561 2842 sensibus,
585 2770 770 2844 (Custodibus
789 2792 873 2849 supra
890 2767 1081 2843 memoratis),
1146 2811 1148 2817 ,

195 2853 331 2938 tauquam
350 2850 545 2930 fundamento,
574 2861 711 2928 innititur,
741 2860 788 2936 qni
814 2861 925 2935 quidem
949 2859 1085 2918 Custodes
1130 2884 1134 2888 ’

198 2970 307 3026 semper
320 2952 540 3026 primaspartes
558 2961 662 3008 tenent.

232 3040 379 3111 Quomodo
401 3051 493 3095 autem
511 3041 647 3095 minuatur
667 3037 844 3109 sensibilitas,
864 3037 1002 3113 quomodo
1017 3037 1089 3093 Ani-

173 3148 256 3184 mus
280 3127 512 3205 adpropinquans.
526 3128 677 3204 periculum
699 3128 789 3184 minus
807 3138 888 3202 acute
909 3126 1084 3184 animadver-

195 3229 251 3289 tat,
271 3229 355 3292 prout
371 3216 455 3287 illud,
477 3217 584 3292 corpori
595 3217 752 3285 imminens,
764 3215 916 3287 decrescit,
927 3226 1013 3292 prout
1022 3235 1087 3271 cor-

195 3325 248 3381 pus
275 3305 313 3360 illi
334 3305 537 3362 adsuefactam
563 3316 620 3374 est,
655 3305 700 3361 vel
727 3316 811 3381 prout
841 3292 932 3362 motus
964 3302 1086 3360 animalis

194 3392 349 3469 periculum
366 3393 485 3470 effugere
510 3394 620 3465 didicit,
641 3412 724 3470 quam
743 3394 912 3470 saepissime
927 3392 1084 3468 quotidiana

122 3473 126 3477 ’
195 3483 253 3539 vita
266 3501 320 3539 nos
337 3483 428 3540 docet.
467 3484 521 3554 Qui
539 3485 650 3559 saepius
667 3482 749 3538 undis
765 3482 948 3557 procellisque
969 3490 1086 3538 vexatur

184 3573 305 3648 navita,
333 3583 436 3629 ventos
461 3574 508 3634 vix
535 3574 631 3642 sentit,
662 3591 732 3647 quos
751 3583 829 3628 caute
846 3582 971 3626 metuunt
987 3568 1086 3624 urbani

196 3660 331 3717 homines.
378 3662 421 3716 De
453 3660 567 3717 excelsis
592 3660 711 3737 rupibus
735 3660 855 3715 timenda
881 3657 1013 3715 barathra
1039 3657 1085 3713 vix

196 3749 415 3805 animadvertunt
431 3750 609 3821 monticolae,
636 3751 665 3804 iu
690 3768 760 3824 quae
784 3768 882 3815 nemo,
910 3747 959 3801 nisi
983 3743 1086 3800 adsue-

164 3913 165 3917 Ἰ
196 3848 255 3904 tus,
278 3837 396 3912 ‘impune
422 3837 517 3901 oculos
537 3837 670 3913 conjiciat.
708 3838 764 3898 Vix
786 3835 906 3912 'amplius
930 3833 1018 3889 mallei
1046 3832 1088 3888 sui
1110 3860 1112 3872 ι
1172 3878 1176 3886 .

197 3925 313 3980 sonitum
329 3928 448 4003 percipit
465 3928 545 3985 faber
560 3917 853 4000 serrarius,·-¹quamris
867 3925 959 3993 initio,
979 3922 1080 4003 crebro
1105 4002 1107 4007 Ι
