2596 4718
704 407 818 510 ss}
931 375 934 386 .

236 590 278 654 tis
295 587 355 676 (l).
402 586 447 649 lle
473 583 616 650 olfactus
635 608 729 649 sensu
749 586 914 650 difficilius
932 588 1031 652 etism
1052 599 1120 666 cst,
1148 612 1205 656 ex-

154 695 156 700 ’
234 697 415 784 periments
436 695 623 771 instituere,
650 715 737 780 quae
759 695 955 773 ostendant,
977 707 1088 762 utrum
1109 696 1206 764 hicce

235 827 344 870 sensus
365 804 476 869 adhuc
498 805 652 889 supersit,
680 826 722 896 an
742 805 844 868 modo
869 807 1010 870 sensatis
1036 807 1207 893 quondm

53 912 55 921 ‘
136 947 140 957 =
175 900 181 908 ⁵
223 916 365 1011 ‘tunicae
379 934 534 979 mucosus
551 907 693 978 narium.
734 913 953 1012 Sed'omnino
967 917 1206 1000 suspicandum

233 1036 298 1102 est,
329 1035 366 1089 ut
388 1024 462 1112 jam
482 1024 614 1108 monui,
652 1044 764 1116 omnes
793 1026 858 1088 tres
880 1025 1055 1109 superioris
1080 1027 1207 1092 ordinis

234 1153 358 1209 sensus,
395 1133 497 1197 immo
529 1142 656 1197 tactum
684 1154 820 1220 quoque
850 1142 882 1196 et
910 1144 1057 1220 gustum,
1089 1136 1206 1201 ablato

233 1242 389 1320 cerebro,
409 1239 490 1328 (uno
508 1252 564 1306 aut
584 1252 727 1328 utroque
744 1243 844 1328 ipsius
858 1241 1131 1335 hemisphaerio),
1150 1266 1207 1311 ex-

233 1352 370 1417 stinctos
389 1370 467 1414 esse.
486 1359 488 1367 ’
512 1351 640 1415 Etenim
656 1351 802 1415 sensibus
815 1351 1039 1437 peculiaribus
1056 1351 1207 1439 superio·

231 1462 277 1526 ris
297 1459 438 1536 ordinis,
463 1469 500 1523 ut
522 1460 583 1524 rite
600 1480 734 1524 munere
753 1481 812 1524 suo
832 1461 1030 1547 fungantur,
1054 1481 1136 1548 opus
1153 1473 1206 1528 est

225 1571 491 1658 judium-quod
497 1617 503 1646 ,
513 1570 632 1634 'deleta
644 1568 845 1648 uoluntate,
860 1577 1128 1662 exstinguatur,
1142 1596 1205 1639 ree-

232 1701 328 1746 eesse
348 1686 432 1743 ests
457 1676 592 1764 Absque
613 1679 782 1766 vuluntate
809 1680 897 1744 enim
922 1681 1096 1768 quomodo
1109 1682 1204 1768 judi·
1261 1721 1266 1737 ι

233 1790 326 1855 cium
340 1787 480 1875 cogitari
498 1789 619 1873 possit,
645 1789 817 1874 quomodo
834 1789 987 1855 voluntas
1007 1789 1132 1877 absque
1145 1789 1206 1878 ju-

115 1940 118 1953 .
231 1900 347 1964 dicio?
391 1897 604 1966 Voluntatem
627 1907 736 1983 autem
758 1898 901 1962 deletam
918 1899 1029 1976 fuisse,
1054 1899 1206 1964 luculen-

230 2019 282 2074 ter
308 2029 349 2071 ex
379 2005 559 2070 observatis
573 2004 822 2091 'phaenomenis
844 2011 963 2093 'patet3
987 2008 1206 2074 sensationem

227 2115 422 2182 remansisse
439 2136 457 2178 e
476 2135 574 2200 supra
600 2115 697 2180 dictis
709 2115 782 2202 jam
801 2116 906 2204 liquet
927 2127 961 2182 et
977 2109 1143 2202 probatur
1165 2138 1206 2182 ex

161 2216 165 2225 ’
230 2226 330 2313 signis
347 2222 547 2290 vehementis
568 2223 713 2300 doloris,
738 2246 825 2310 quae
852 2226 974 2295 animal
999 2227 1205 2302 manifestat,

231 2335 258 2398 si
269 2319 280 2411 ‚¹
311 2319 426 2397 ablato
456 2330 610 2409 cerebro,
637 2332 788 2398 Nervam
817 2338 1040 2422 trigeminum
1070 2341 1208 2400 reseca·

232 2458 328 2517 mas,
346 2441 441 2527 quod
457 2439 710 2527 phaenomenon
724 2441 759 2504 in
775 2444 942 2507 nonnullis
959 2443 1203 2528 experimentis,

25 2524 58 2595 ¹-
151 2632 154 2637 ,
235 2546 471 2617 sdaliamrem
482 2548 744 2637 investigandam
763 2551 938 2628 institutis,
957 2551 1130 2641 observavi
1143 2549 1207 2638 (2).

105 2745 109 2764 ’
171 2786 175 2799 “
275 2771 516 2858 comprobatis,
530 2769 743 2863 hacreticus,
755 2770 1208 2862 Flourcntinniserperimen·

231 2883 273 2947 tis
290 2891 323 2948 et
342 2880 613 2946 conclusionibus
631 2881 722 2957 circa
741 2880 931 2957 cerebrum,
955 2901 1089 2946 necesse
1107 2879 1208 2943 etium
1273 2939 1279 2954 ,

231 2991 332 3068 duxi,
360 2989 432 3060 Viri
459 2990 634 3056 Clarissimi
654 2991 876 3076 experimenta
899 2990 988 3055 ciros
1009 2989 1210 3057 cerebellum

232 3109 400 3184 repetere,
436 3099 479 3164 de
513 3099 609 3186 cujus
640 3100 813 3192 iunctione
843 3110 879 3163 ut
906 3097 988 3164 mihi
1020 3105 1207 3172 constaret,

232 3208 405 3294 sequentia
427 3203 571 3272 inititui:

332 3365 336 3381 l

235 3396 593 3415 ——n-n—-n-——n—

264 3503 305 3573 (1)
325 3501 415 3555 Hocce
433 3501 615 3569 experimento
627 3502 739 3572 omnino
763 3502 925 3563 ostenditur,
954 3496 1076 3550 Nervum
1095 3495 1215 3564 optinum

323 3584 357 3635 nd
384 3584 515 3652 pupillam
540 3584 699 3638 movendam
726 3582 795 3636 nibil
821 3585 923 3648 iacere3
949 3580 1024 3653 quod
1047 3577 1141 3650 multis
1166 3594 1215 3631 co-

221 3661 223 3665 ’
321 3667 494 3738 ςίῐιῑὶοηίδιιε
530 3683 615 3718 snum
644 3668 770 3735 praebet,
800 3661 881 3737 etque
909 3669 1037 3735 theos-ium
1058 3662 1215 3716 [lectissimi

322 3762 461 3804 Annonnt
478 3751 513 3802 de
528 3749 645 3820 Ganglio
664 3751 750 3804 cilisr‘i
763 3749 834 3802 haud
850 3749 1056 3818 improbabilem
1067 3746 1169 3799 reddit.
1183 3774 1219 3790 ι-

263 3835 305 3909 (2)
324 3833 408 3906 Quod
425 3834 515 3886 adme
534 3830 645 3901 sttinet,
672 3830 781 3886 omnino
798 3851 950 3908 persuasum
969 3831 1075 3896 habeo,
1096 3821 1219 3884 Nervam

321 3919 506 3989 trigeminum,
527 3915 613 3986 (ramo
630 3918 738 3987 lingueli
754 3919 895 3988 excepto),
910 3915 986 3969 nullo
1001 3931 1077 3968 sensu
1086 3906 1215 3983 peculiari

254 4003 258 4016 “
319 4003 480 4060 instructum
496 4019 560 4060 esse.
