2596 4718
615 227 768 348 rae

206 464 320 551 Neque
336 461 360 525 ii
375 470 468 540 eunt,
492 461 551 548 qui
569 460 736 525 stimulum
756 459 913 526 nocivum
929 480 948 525 a
970 460 1138 548 coujunc-

162 575 229 641 tiva
252 592 419 649 amovere,
444 580 571 634 mutare
590 572 642 636 vel
663 569 859 634 modificare
878 569 1021 635 valeant.
1064 571 1139 636 Hoc

160 685 246 748 enim
265 681 495 747 tantummodo
515 680 587 744 fieri
604 690 713 765 potest
729 701 789 764 per
810 681 1014 755 musculum,
1037 680 1136 767 cujus

158 792 251 858 nervi
268 792 400 856 motorii
420 811 497 854 cum
525 790 674 854 sensoriis
694 789 867 875 conjuncti
886 800 980 867 sunt,
1004 791 1135 855 seilicet

156 921 218 987 per
240 901 283 967 ll.
306 898 528 965 orbicularem
549 898 796 984 palpebrarum.

204 1231 326 1296 Omnes
352 1229 444 1295 nervi
473 1228 607 1292 motorii
642 1249 719 1292 cum
751 1229 790 1293 N.
821 1225 1030 1314 sympathico
1059 1240 1137 1293 eunt

162 1339 336 1426 conjuncti
367 1348 399 1402 et
427 1338 563 1424 quidem
591 1338 630 1402 N.
655 1338 744 1402 oculi
765 1339 925 1401 matarius
951 1347 983 1401 et
1014 1338 1054 1402 N.
1076 1338 1137 1402 ab·

162 1450 287 1513 ducens
325 1447 446 1532 copula
477 1447 624 1532 gaudent
655 1449 856 1531 conspicua,
901 1467 1004 1533 quam
1035 1468 1136 1512 nemo

109 1579 111 1588 ·
160 1579 231 1623 nou
258 1557 403 1624 invenire
431 1565 551 1641 potest.
606 1556 706 1637 Quod
732 1567 842 1620 autem
868 1557 960 1619 nulla
989 1578 1054 1621 nee
1081 1556 1134 1620 di·

160 1676 253 1731 recta
280 1687 343 1730 nec
369 1665 532 1729 indirecta
560 1665 755 1752 conjunctio
771 1667 910 1731 iuventa
933 1666 973 1730 sit
992 1666 1137 1731 Nervum

159 1775 380 1840 trochlearem
412 1776 498 1839 inter
523 1785 555 1838 et
582 1776 621 1838 N.
654 1775 914 1860 sympathiam,
949 1774 1016 1839 hoc
1044 1776 1141 1840 thesi

160 1906 255 1950 meae
275 1906 345 1950 uon
373 1885 577 1948 eontrarium
600 1895 665 1964 est3
689 1890 785 1962 nam,
812 1886 962 1971 quamvis
985 1886 1137 1948 noudum

160 1995 201 2059 eit
227 1995 378 2071 iuventa,
410 2003 520 2079 potest
545 2003 656 2056 tamen
676 1993 799 2057 adesse.
845 1993 908 2057 Per
927 1995 1136 2082 analogiam

149 2091 297 2170 'omnino
316 2104 488 2170 convictus
505 2124 593 2180 sum,
613 2102 886 2189 conjunctionem
903 2105 1005 2170 talem
1025 2105 1134 2168 locum

255 2457 312 2503 ram
329 2468 454 2522 umquam
469 2455 661 2505 automatiaum
678 2452 792 2509 evadere
808 2469 904 2521 poeta,
923 2452 970 2509 vix
989 2457 1051 2520 eet,
1070 2456 1146 2524 quod

252 2552 383 2587 moneam.
871 2603 875 2612 Ι

288 2618 394 2687 Operae
417 2618 533 2687 pretium
561 2625 601 2671 eet
627 2619 787 2685 observare,
818 2618 972 2673 Marcellum
997 2618 1148 2676 levatorem

229 2702 395 2771 ‘palpebrae
417 2703 563 2770 superioria
581 2720 655 2755 ramo
672 2721 787 2758 nervoso
815 2705 886 2772 regi,
915 2723 930 2755 e
956 2701 1054 2760 Narro
1074 2706 1149 2758 oculi

252 2785 369 2837 motoria
406 2794 483 2852 orto,
522 2788 570 2856 qui
601 2805 699 2841 nervus
729 2806 857 2839 summam
874 2773 880 2783 '
896 2789 993 2839 exserit
1025 2791 1082 2845 vim
1120 2794 1147 2844 in

184 2898 187 2904 ‚
252 2870 365 2940 regenda
391 2871 470 2923 bulbi
497 2872 661 2937 directione,
691 2891 760 2940 quae
789 2872 858 2925 visui
884 2873 994 2922 omniuo
1022 2891 1149 2926 neeessa-

254 2957 295 3007 ria
313 2962 362 3007 eat.
381 2954 493 3026 -Quo
510 2957 637 3025 temporis
655 2964 755 3025 puncto
773 2957 864 3025 itaque
883 2957 1011 3024 palpebra
1022 2959 1149 3013 subleva-

253 3045 316 3104 tur,
342 3040 436 3092 eodem
458 3047 536 3111 agunt
551 3041 684 3106 marculi,
713 3039 761 3110 qui
775 3040 918 3108 praecipue
942 3040 1058 3092 bulbum
1076 3043 1147 3096 diri·

255 3129 329 3193 gunt.
372 3123 442 3176 Hinc
468 3142 577 3194 quoque
605 3125 718 3191 accidit,
757 3131 787 3176 ut
812 3124 953 3177 oculorum
976 3123 1147 3179 nictitatioue

252 3223 307 3259 uon
334 3207 415 3259 modo
439 3210 583 3276 palpebrae
604 3209 725 3274 lavator,
750 3208 797 3260 aed
816 3208 895 3261 etiam
912 3208 1006 3277 plures
1029 3212 1146 3266 muaauli

254 3291 332 3343 bulbi
349 3293 512 3345 relaxentur.
1099 3310 1102 3316 '

233 3384 236 3389 '
287 3375 366 3430 Hieoe
405 3378 487 3447 igitur
521 3381 661 3447 perepicuo
691 3377 868 3446 intelligitur,
903 3379 1083 3446 quamobrem
1118 3381 1145 3432 in

252 3476 345 3513 romuo
362 3463 455 3516 oculor
470 3465 632 3518 claudamur.
668 3465 816 3533 Palpebrae
834 3462 904 3514 enim
921 3464 1075 3529 superiores
1099 3481 1144 3516 ruo

253 3543 344 3612 potiar
359 3546 478 3614 pondere
494 3549 639 3615 decidunt,
658 3567 737 3619 quam
752 3547 864 3618 'quidem
881 3547 909 3601 vi
926 3545 1051 3600 adbibita
1064 3547 1144 3602 Mur-

252 3628 375 3680 ealorum
395 3631 586 3684 orbicularium
601 3633 807 3701 palpebrarum
823 3630 960 3684 Muaeulue
976 3633 1048 3684 enim
1068 3632 1144 3686 lera-

252 3716 297 3762 tor
321 3713 464 3781 palpebrae
492 3718 624 3784 relaxatur
647 3720 702 3788 lam
720 3717 858 3790 quierat,
887 3716 1029 3784 quieseunt
1046 3726 1144 3771 ¹auteur

166 3862 172 3873 .
254 3793 333 3846 rimul
349 3813 440 3850 omnea
460 3799 538 3855 bulbi
553 3802 684 3868 maseuli,
704 3808 765 3870 poet
781 3807 870 3854 tantos
887 3801 972 3854 latiur
992 3800 1047 3855 diei
1065 3802 1142 3856 labo-

252 3891 294 3928 rer
311 3876 453 3949 defatigati.
492 3939 496 3944 ,
