2596 4718
609 392 672 460 tat

164 573 296 639 habere.
341 573 463 638 Omnes
491 590 610 636 nervos
636 569 796 634 motorios
819 570 981 636 Medullae
999 572 1132 659 spinalis

163 707 239 750 cum
267 685 306 748 N.
331 674 538 768 sympathico
570 681 726 765 copulam
750 679 851 756 inire,
886 702 927 744 ex
955 681 1010 757 iis,
1044 705 1131 769 quae

161 815 261 879 supra
280 813 358 878 pag.
380 793 440 867 72,
464 790 595 864 monui,
620 790 792 875 perspicue
814 799 917 876 patet.
964 790 1064 870 Quod
1090 793 1135 857 ad

161 924 271 968 ramos
292 900 452 965 motorios
469 900 509 963 N.
528 901 567 963 N.
586 899 728 976 facialis,
748 897 1054 985 glossopharyngei,
1073 897 1134 984 hy-

160 1000 306 1097 poglossi
336 1019 368 1072 et
396 1008 566 1093 adipsum
588 1009 627 1072 N.
647 1009 866 1072 accessorium
885 1028 1048 1083 wrttrsn,
1070 1028 1134 1072 neo

163 1142 233 1185 non
259 1121 304 1183 ad
332 1119 519 1203 portionem
551 1118 712 1182 minorem
741 1119 778 1182 N.
812 1117 977 1203 trigemini
996 1116 1132 1194 attinet,

166 1231 293 1294 nullum
318 1240 407 1294 certe
436 1228 573 1293 dubium
602 1238 721 1304 restat,
756 1227 838 1314 quin
866 1248 972 1313 aeque
993 1246 1033 1291 ac
1052 1226 1136 1290 rami

168 1340 318 1415 censorii,
345 1360 419 1402 cum
441 1341 480 1403 N.
505 1337 714 1424 sympathico
737 1336 910 1422 conjuncti
931 1337 1006 1401 sint.

208 1448 290 1512 lude
311 1449 410 1535 igitur
430 1448 616 1515 concludo:

252 1558 280 1620 l.
317 1560 440 1624 Nervos
463 1557 560 1624 Vitae
585 1554 771 1640 Organicae
792 1553 891 1639 hujus
913 1555 1054 1639 copulae
1075 1575 1139 1640 ope

289 1743 293 1752 Ι
312 1667 490 1731 facultates
510 1665 670 1729 motorias
695 1664 887 1749 acquirere,
908 1673 941 1727 et

250 1777 284 1840 2.
316 1777 440 1841 Nervos
458 1774 618 1838 motorios
639 1773 735 1839 Vitae
752 1772 912 1838 Animalia
930 1771 963 1837 vi
983 1772 1141 1857 organica

320 1884 448 1948 instrui.
469 1919 515 1931 -

212 2109 324 2194 Ohjici
356 2110 459 2193 possit
487 2118 606 2172 contra
636 2108 683 2185 l.,
718 2130 771 2172 me
799 2129 898 2193 supra
929 2106 978 2196 (l)
1006 2109 1148 2187 dixisse,

167 2230 295 2283 motum
311 2218 507 2304 organicum
526 2238 545 2279 a
564 2219 712 2282 materiei
729 2220 972 2301 permutatione
987 2240 1057 2283 non
1066 2239 1145 2304 pos-

169 2350 202 2392 se
224 2329 385 2413 separari,
412 2338 587 2412 utramque
606 2329 801 2391 facultatem
818 2329 852 2391 in
873 2351 975 2392 unum
995 2329 1143 2393 conflue-

169 2461 220 2514 re,
245 2460 309 2502 nec
328 2438 439 2503 divelli
457 2438 589 2502 debere.
622 2439 753 2502 Nullam
766 2440 837 2502 ‘vim
859 2440 1051 2525 organicam
1066 2439 1145 2503 Ani-

170 2570 225 2613 mo
251 2549 491 2633 repraesentari
514 2569 610 2633 posse
635 2548 760 2634 absque
787 2557 895 2625 motu,
920 2550 1035 2634 negari
1055 2547 1147 2611 haud

170 2667 296 2743 potest,
322 2658 380 2720 sed
402 2657 447 2720 ad
472 2658 740 2743 componendam
760 2668 861 2743 atque
882 2658 1147 2722 constituendam

172 2766 261 2830 hanc
292 2767 357 2831 vim
385 2768 496 2852 plures
524 2767 608 2865 piros
639 2768 845 2854 conjunctim
876 2789 972 2854 agere
998 2777 1147 2852 possunt.

173 2878 208 2941 si
225 2898 288 2961 pro
308 2897 386 2941 vero
405 2875 582 2953 habemus,
605 2898 724 2943 nervos
743 2879 839 2945 Vitae
859 2877 1045 2964 Organicae
1060 2874 1148 2941 nextl

175 3008 235 3052 suo
263 3008 340 3052 cum
364 2987 471 3064 nervis
488 2987 681 3051 sensationis
704 2987 881 3052 facultates
901 2988 1063 3052 censorias
1091 3007 1148 3051 ac·

159 3099 307 3185 ›quirere
335 3097 370 3161 in
395 3107 483 3160 statu
509 3096 677 3172 abnormi,
712 3097 795 3182 quid
823 3098 948 3174 obstat,
973 3097 1151 3183 quominus
1265 3126 1268 3131 ·

83 3253 86 3263 -
177 3207 370 3283 credamus,
394 3206 483 3290 ipsos
502 3206 569 3273 vim
586 3206 742 3272 movendi
763 3229 782 3271 a
800 3209 907 3273 nervis
926 3209 1076 3274 motoriis
1091 3228 1149 3272 ac·

177 3317 313 3402 cipere?
1116 3314 1119 3325 '

222 3426 472 3492 Consideremus
489 3447 610 3490 nexum
627 3425 670 3491 IV.
685 3427 891 3492 adducentis
912 3447 989 3491 cum
1007 3427 1047 3490 N.
1064 3446 1151 3510 sym·

179 3535 315 3620 pathico
339 3546 372 3600 et
394 3535 609 3619 explicemus,
636 3558 802 3622 quaenam
828 3536 868 3599 sit
893 3533 992 3621 hujus
1010 3533 1153 3615 copulae

180 3645 316 3709 utilitas.
362 3645 401 3708 N.
424 3644 630 3732 sympathico
652 3647 688 3710 in
708 3656 796 3709 statu
817 3642 974 3709 morboso
994 3638 1153 3707 sensatio-

182 3861 540 3877 m

213 3989 253 4060 (l)
273 3990 352 4045 Cous.
372 3990 543 4063 suprapsset.
560 3990 640 4061 prim.
660 3990 726 4059 Cep.
745 3989 794 4042 alt.
810 4002 869 4057 pap.
887 3986 935 4039 79.-
