2596 4718
617 370 677 438 tal

164 555 313 623 censoriis
338 566 515 619 narremus
535 547 870 632 Bedullaerspiualis,
888 548 1028 635 lippiae
1048 564 1129 617 aaa·

163 675 242 743 stat,
274 664 361 749 ipsas
382 660 559 724 facultates
581 655 952 744 acquirere-torpeamus
969 678 1131 742 parm.

158 773 381 861 junctionem.
396 790 474 833 cum
502 768 543 836 N.·
566 758 795 852 sympathiam
811 786 895 830 cum
913 770 996 831 vero
1009 765 1044 829 hi
1058 776 1134 832 iler-

160 884 200 948 vi·
220 880 355 946 censorii
382 898 512 962 semper
535 874 944 961 inveniantur-conjuncti
962 896 1039 940 cum
1056 896 1133 941 ner·

162 992 211 1058 vis
236 989 407 1066 materiis,
434 961 528 1072 ipsus·
545 985 580 1050 in
598 983 813 1070 hac-copula·
822 984 1018 1050 examinare
1034 1004 1135 1072 praa·

162 1111 238 1167 stat.
259 1108 324 1149 ³--
613 1094 615 1101 '
951 1142 956 1159 .
1067 1122 1070 1129 ·

209 1209 277 1275 Sed
304 1219 342 1272 ut
366 1207 528 1293 intelligat
554 1206 591 1272 B.
627 1207 663 1272 L.
677 1206 862 1293 ·quomodo
883 1206 1049 1292 imprimis·
1062 1207 1135 1272 lac-

166 1330 246 1385 tum-
262 1319 318 1395 sit,
351 1326 387 1381 ut
414 1317 594 1381 adfirmare
619 1317 738 1394 auum,
771 1332 869 1401 posse
893 1332 1014 1382 nervos
1040 1319 1138 1384 Vitae

166 1426 349 1513 organicae
366 1426 512 1489 instato
523 1424 680 1489 :abnormi
700 1426 847 1511 enervis
865 1426 961 1493 Vitae
979 1426 1139 1491 Animalia

165 1536 381 1600 causationem
398 1535 570 1618 accipere,
594 1533 746 1598 attendat
754 1554 767 1608 ,·
788 1552 929 1619 quaeso,
950 1532 1139 1601 admemo-

164 1646 268 1710 rabila
286 1642 659 1728 illudxphaenomenon:
672 1644 713 1707 ll.
726 1641 968 1727 sympathicum
979 1650 1056 1708 ct'tm
1067 1662 1138 1709 om-

165 1754 263 1818 nibus
279 1755 319 1818 N.
338 1750 449 1817 sensata
462 1751 630 1836 copulari,
652 1749 679 1814 si
698 1751 844 1836 excipias
861 1761 926 1816 tres
937 1753 1139 1818 illosnerros
1239 1835 1241 1840 Ι

168 1861 279 1928 amaus
295 1862 423 1947 primae
438 1861 566 1936 elassis,
586 1860 645 1946 qui
663 1861 857 1924 sensatione-
867 1862 1140 1928 omnlnocarent·.

210 1972 252 2036 Ut
277 1981 390 2035 autem
412 1969 606 2045 statuerim,
639 1990 752 2033 omues
777 1990 896 2035 nervos
917 1971 1014 2039 Vitae
1033 1971 1140 2059 orgae

166 2082 263 2144 nicae
290 2081 356 2144 vim
387 2067 479 2143 s'uam
503 2079 717 2142 motoriama
737 2081 845 2144 nervis
865 2082 962 2148 Vitae
985 2082 1143 2146 Animalia

168 2191 338 2275 accipere,
371 2189 505 2254 inventa
532 2209 710 2253 nervorum
737 2189 842 2256 Vitas·
859 2189 1051 2276 Organicae·
1066 2204 1144 2258 ctam

168 2299 319 2364 omnihus
337 2299 603 2364 nervismotoriis
621 2296 817 2384 conjunctio
837 2320 888 2363 me
903 2301 1062 2386 imprimis
1078 2302 1143 2366 im-

167 2410 263 2495 pulit.
308 2408 399 2472 llaec
426 2409 549 2494 copula
576 2428 647 2472 non
676 2409 886 2474 solummodo
909 2412 1037 2476 obtinet
1065 2426 1144 2475 cum
1248 2451 1250 2456 -

166 2519 205 2583 iis
229 2518 337 2583 nervis
352 2519 519 2595 motoriis,
544 2518 700 2604 quicum
720 2520 829 2584 neema
848 2521 1048 2592 sensationis·
1060 2536 1144 2585 con·

162 2627 368 2714 junguntur,
397 2626 456 2691 aad
480 2628 582 2690 etiam
600 2647 678 2690 cum
696 2628 803 2692 nervis
820 2629 987 2705 materiis,
1013 2628 1072 2714 qui
1091 2640 1145 2694 ta·

168 2737 235 2799 lem
261 2735 533 2821 conjtmctionem
563 2735 752 2811 animalem,
777 2745 815 2798 ut
836 2736 882 2798 ita
901 2736 1027 2814 dicam,
1053 2730 1146 2803 haud

170 2846 296 2909 ineunt.
312 2879 357 2893 -
375 2844 564 2930 Antequam
584 2845 628 2907 ad
642 2843 708 2909 hoc
721 2856 950 2931 argumentum
962 2836 1142 2925 transeam,

167 2955 230 3041 ipsi
258 2954 351 3019 nervi
375 2955 508 3018 motorii
533 2956 676 3040 primum
706 2955 895 3019 accuratius
927 2967 1002 3020 sunt
1023 2959 1144 3022 exami-

168 3063 284 3128 nandi.

217 3394 324 3461 Nerva
353 3399 498 3460 motoria
522 3395 698 3461 commode
724 3395 827 3464 dividi
852 3408 990 3482 possunt
1012 3398 1148 3463 induas

173 3504 309 3583 classes,
334 3527 496 3593 quarum:

214 3613 242 3678 1.
276 3613 401 3679 Altera
427 3636 547 3680 nervos
570 3618 737 3696 continet,
764 3618 921 3704 quicum
944 3617 1052 3684 nervis
1072 3637 1144 3680 sen-

182 3710 185 3719 ’
282 3723 415 3787 sationis
435 3746 503 3789 non
524 3733 668 3804 coeunt,
693 3727 774 3790 dum

202 3828 248 3894 ΙΙ.
264 3920 267 3925 ⁸
283 3829 408 3898 Altera
437 3856 550 3900 omnes
576 3858 695 3902 nervos
725 3834 954 3920 amplectitur,
986 3832 1045 3920 qui
1071 3850 1148 3898 cum
1258 3848 1260 3853 ⁴

281 3942 387 4008 nervis
407 3947 598 4011 sensationis
622 3955 877 4010 connectuntur.
