<?xml version="1.0" encoding="UTF-8"?>
<!DOCTYPE html PUBLIC "-//W3C//DTD XHTML 1.0 Transitional//EN"
    "http://www.w3.org/TR/xhtml1/DTD/xhtml1-transitional.dtd">
<html xmlns="http://www.w3.org/1999/xhtml" xml:lang="en" lang="en">
 <head>
  <title>
</title>
<meta http-equiv="Content-Type" content="text/html;charset=utf-8" />
  <meta name='ocr-system' content='tesseract 3.04.00' />
  <meta name='ocr-capabilities' content='ocr_page ocr_carea ocr_par ocr_line ocrx_word'/>
</head>
<body>
  <div class='ocr_page' id='page_1' title='image "./disquisitiophys00deengoog_0068.png"; bbox 0 0 2596 4718; ppageno 0'>
   <div class='ocr_carea' id='block_1_1' title="bbox 683 355 727 419">
    <p class='ocr_par' dir='ltr' id='par_1_1' title="bbox 683 355 727 419">
     <span class='ocr_line' id='line_1_1' title="bbox 683 355 727 419; baseline 0 0"><span class='ocrx_word' id='word_1_1' title='bbox 683 355 727 419; x_wconf 82' lang='lat'><em>50</em></span> 
     </span>
    </p>
   </div>
   <div class='ocr_carea' id='block_1_2' title="bbox 222 533 1188 620">
    <p class='ocr_par' dir='ltr' id='par_1_2' title="bbox 222 533 1188 620">
     <span class='ocr_line' id='line_1_2' title="bbox 222 533 1188 620; baseline -0.012 -10"><span class='ocrx_word' id='word_1_2' title='bbox 222 539 391 610; x_wconf 73' lang='lat' dir='ltr'><em>convictus</em></span> <span class='ocrx_word' id='word_1_3' title='bbox 423 561 510 614; x_wconf 89' lang='lat' dir='ltr'><em>sum,</em></span> <span class='ocrx_word' id='word_1_4' title='bbox 548 537 707 610; x_wconf 79' lang='lat' dir='ltr'><em>stimulo,</em></span> <span class='ocrx_word' id='word_1_5' title='bbox 734 533 916 620; x_wconf 76' lang='lat' dir='ltr'><em>janicalis</em></span> <span class='ocrx_word' id='word_1_6' title='bbox 950 534 1188 598; x_wconf 73' lang='lat' dir='ltr'><em>aaren&#39;omlos</em></span> 
     </span>
    </p>
   </div>
   <div class='ocr_carea' id='block_1_3' title="bbox 119 643 1187 748">
    <p class='ocr_par' dir='ltr' id='par_1_3' title="bbox 119 643 1187 748">
     <span class='ocr_line' id='line_1_3' title="bbox 119 643 1187 748; baseline -0.012 -28"><span class='ocrx_word' id='word_1_7' title='bbox 119 689 124 700; x_wconf 72' lang='lat'><em>,</em></span> <span class='ocrx_word' id='word_1_8' title='bbox 147 713 152 719; x_wconf 84' lang='grc'><strong><em>,</em></strong></span> <span class='ocrx_word' id='word_1_9' title='bbox 222 660 257 718; x_wconf 85' lang='lat' dir='ltr'><em>et</em></span> <span class='ocrx_word' id='word_1_10' title='bbox 267 650 523 739; x_wconf 77' lang='lat' dir='ltr'><em>posterioribus</em></span> <span class='ocrx_word' id='word_1_11' title='bbox 543 644 715 710; x_wconf 78' lang='lat' dir='ltr'><em>medullae</em></span> <span class='ocrx_word' id='word_1_12' title='bbox 735 643 889 730; x_wconf 76' lang='lat' dir='ltr'><em>spinalis</em></span> <span class='ocrx_word' id='word_1_13' title='bbox 904 643 1104 748; x_wconf 76' lang='lat' dir='ltr'><em>applicato,</em></span> <span class='ocrx_word' id='word_1_14' title='bbox 1125 644 1187 708; x_wconf 85' lang='lat' dir='ltr'><em>do·</em></span> 
     </span>
    </p>
   </div>
   <div class='ocr_carea' id='block_1_4' title="bbox 134 753 1295 3132">
    <p class='ocr_par' dir='ltr' id='par_1_4' title="bbox 134 753 1240 1064">
     <span class='ocr_line' id='line_1_4' title="bbox 222 753 1240 843; baseline -0.01 -18"><span class='ocrx_word' id='word_1_15' title='bbox 222 762 308 825; x_wconf 83' lang='lat' dir='ltr'><em>loris</em></span> <span class='ocrx_word' id='word_1_16' title='bbox 322 758 634 843; x_wconf 80' lang='lat' dir='ltr'><em>sensam&#39;prodaci,</em></span> <span class='ocrx_word' id='word_1_17' title='bbox 648 763 682 818; x_wconf 94' lang='lat' dir='ltr'><em>et</em></span> <span class='ocrx_word' id='word_1_18' title='bbox 692 762 819 817; x_wconf 85' lang='lat' dir='ltr'><em>motam</em></span> <span class='ocrx_word' id='word_1_19' title='bbox 829 757 919 817; x_wconf 89' lang='lat' dir='ltr'><em>satis</em></span> <span class='ocrx_word' id='word_1_20' title='bbox 940 753 1187 828; x_wconf 79' lang='lat' dir='ltr'><em>vehementem,</em></span> <span class='ocrx_word' id='word_1_21' title='bbox 1238 784 1240 791; x_wconf 40' lang='lat' dir='ltr'>v</span> 
     </span>
     <span class='ocr_line' id='line_1_5' title="bbox 222 866 1189 957; baseline -0.006 -24"><span class='ocrx_word' id='word_1_22' title='bbox 222 877 257 933; x_wconf 91' lang='lat' dir='ltr'><em>et</em></span> <span class='ocrx_word' id='word_1_23' title='bbox 276 871 476 932; x_wconf 77' lang='lat' dir='ltr'><em>irritatione</em></span> <span class='ocrx_word' id='word_1_24' title='bbox 504 868 671 957; x_wconf 80' lang='lat' dir='ltr'><em>graviore</em></span> <span class='ocrx_word' id='word_1_25' title='bbox 698 866 936 927; x_wconf 76' lang='lat' dir='ltr'><em>extremitates</em></span> <span class='ocrx_word' id='word_1_26' title='bbox 959 866 1103 948; x_wconf 62' lang='lat' dir='ltr'><em>saepias</em></span> <span class='ocrx_word' id='word_1_27' title='bbox 1122 884 1189 948; x_wconf 77' lang='lat' dir='ltr'><em>pa·</em></span> 
     </span>
     <span class='ocr_line' id='line_1_6' title="bbox 134 975 460 1064; baseline 0.003 -28"><span class='ocrx_word' id='word_1_28' title='bbox 134 1025 140 1036; x_wconf 85' lang='lat'>.</span> <span class='ocrx_word' id='word_1_29' title='bbox 222 978 339 1063; x_wconf 79' lang='lat' dir='ltr'><em>ralysi</em></span> <span class='ocrx_word' id='word_1_30' title='bbox 358 975 460 1064; x_wconf 86' lang='lat' dir='ltr'><em>affici.</em></span> 
     </span>
    </p>

    <p class='ocr_par' dir='ltr' id='par_1_5' title="bbox 151 1079 1295 2487">
     <span class='ocr_line' id='line_1_7' title="bbox 267 1079 1190 1168; baseline -0.004 -21"><span class='ocrx_word' id='word_1_31' title='bbox 267 1085 471 1148; x_wconf 66' lang='lat' dir='ltr'><em>sissimus</em></span> <span class='ocrx_word' id='word_1_32' title='bbox 483 1079 550 1167; x_wconf 90' lang='lat'><strong>(1),</strong></span> <span class='ocrx_word' id='word_1_33' title='bbox 565 1081 623 1168; x_wconf 87' lang='lat' dir='ltr'><em>qui</em></span> <span class='ocrx_word' id='word_1_34' title='bbox 632 1081 729 1146; x_wconf 79' lang='lat' dir='ltr'><em>eliam</em></span> <span class='ocrx_word' id='word_1_35' title='bbox 738 1080 854 1145; x_wconf 84' lang='lat' dir='ltr'><em>hac&#39;de</em></span> <span class='ocrx_word' id='word_1_36' title='bbox 863 1101 898 1145; x_wconf 90' lang='lat' dir='ltr'><em>re</em></span> <span class='ocrx_word' id='word_1_37' title='bbox 908 1080 1129 1166; x_wconf 82' lang='lat' dir='ltr'><em>experimenta</em></span> <span class='ocrx_word' id='word_1_38' title='bbox 1136 1079 1190 1144; x_wconf 91' lang='lat' dir='ltr'><em>in·</em></span> 
     </span>
     <span class='ocr_line' id='line_1_8' title="bbox 223 1188 1191 1277; baseline -0.006 -19"><span class='ocrx_word' id='word_1_39' title='bbox 223 1191 336 1268; x_wconf 71' lang='lat' dir='ltr'><em>stituit,</em></span> <span class='ocrx_word' id='word_1_40' title='bbox 350 1189 531 1256; x_wconf 80' lang='lat' dir='ltr'><em>concludit:</em></span> <span class='ocrx_word' id='word_1_41' title='bbox 544 1190 741 1255; x_wconf 84' lang='lat' dir='ltr'><em>anteriorem</em></span> <span class='ocrx_word' id='word_1_42' title='bbox 752 1191 928 1277; x_wconf 83' lang='lat' dir='ltr'><em>regionem,</em></span> <span class='ocrx_word' id='word_1_43' title='bbox 948 1188 1027 1276; x_wconf 87' lang='lat' dir='ltr'><em>(sive</em></span> <span class='ocrx_word' id='word_1_44' title='bbox 1038 1188 1191 1253; x_wconf 85' lang='lat' dir='ltr'><em>abdomi-</em></span> 
     </span>
     <span class='ocr_line' id='line_1_9' title="bbox 203 1298 1267 1387; baseline -0.006 -20"><span class='ocrx_word' id='word_1_45' title='bbox 203 1374 205 1378; x_wconf 57' lang='grc'>,</span> <span class='ocrx_word' id='word_1_46' title='bbox 222 1303 332 1368; x_wconf 85' lang='lat' dir='ltr'><em>nalem</em></span> <span class='ocrx_word' id='word_1_47' title='bbox 348 1301 512 1365; x_wconf 85' lang='lat' dir='ltr'><em>medullae</em></span> <span class='ocrx_word' id='word_1_48' title='bbox 526 1300 659 1385; x_wconf 80' lang='lat' dir='ltr'><em>spinalis</em></span> <span class='ocrx_word' id='word_1_49' title='bbox 669 1299 829 1387; x_wconf 81' lang='lat' dir='ltr'><em>partem),</em></span> <span class='ocrx_word' id='word_1_50' title='bbox 843 1300 1021 1386; x_wconf 83' lang='lat' dir='ltr'><em>praecipue</em></span> <span class='ocrx_word' id='word_1_51' title='bbox 1032 1298 1188 1385; x_wconf 84' lang='lat' dir='ltr'><em>quidem,</em></span> <span class='ocrx_word' id='word_1_52' title='bbox 1259 1360 1267 1377; x_wconf 71' lang='grc'>,</span> 
     </span>
     <span class='ocr_line' id='line_1_10' title="bbox 221 1410 1190 1495; baseline -0.005 -19"><span class='ocrx_word' id='word_1_53' title='bbox 221 1432 284 1476; x_wconf 85' lang='lat' dir='ltr'><em>nec</em></span> <span class='ocrx_word' id='word_1_54' title='bbox 296 1420 406 1474; x_wconf 80' lang='lat' dir='ltr'><em>lamen</em></span> <span class='ocrx_word' id='word_1_55' title='bbox 416 1410 531 1490; x_wconf 87' lang='lat' dir='ltr'><em>unice,</em></span> <span class='ocrx_word' id='word_1_56' title='bbox 546 1410 650 1474; x_wconf 80' lang='lat' dir='ltr'><em>motui</em></span> <span class='ocrx_word' id='word_1_57' title='bbox 663 1431 828 1495; x_wconf 88' lang='lat' dir='ltr'><em>praeesse,</em></span> <span class='ocrx_word' id='word_1_58' title='bbox 844 1411 1060 1495; x_wconf 78' lang='lat' dir='ltr'><em>posteriorem</em></span> <span class='ocrx_word' id='word_1_59' title='bbox 1071 1418 1190 1473; x_wconf 85' lang='lat' dir='ltr'><em>contra</em></span> 
     </span>
     <span class='ocr_line' id='line_1_11' title="bbox 218 1520 1191 1608; baseline -0.004 -24"><span class='ocrx_word' id='word_1_60' title='bbox 218 1525 446 1608; x_wconf 83' lang='lat' dir='ltr'><em>praesertim,</em></span> <span class='ocrx_word' id='word_1_61' title='bbox 462 1541 524 1584; x_wconf 90' lang='lat' dir='ltr'><em>nec</em></span> <span class='ocrx_word' id='word_1_62' title='bbox 540 1530 651 1584; x_wconf 80' lang='lat' dir='ltr'><em>tamen</em></span> <span class='ocrx_word' id='word_1_63' title='bbox 665 1521 784 1598; x_wconf 89' lang='lat' dir='ltr'><em>solam,</em></span> <span class='ocrx_word' id='word_1_64' title='bbox 799 1520 1026 1606; x_wconf 86' lang='lat' dir='ltr'><em>impressiones</em></span> <span class='ocrx_word' id='word_1_65' title='bbox 1040 1527 1191 1583; x_wconf 74' lang='lat' dir='ltr'><em>externas</em></span> 
     </span>
     <span class='ocr_line' id='line_1_12' title="bbox 210 1627 1191 1716; baseline -0.002 -23"><span class='ocrx_word' id='word_1_66' title='bbox 210 1630 269 1694; x_wconf 89' lang='lat' dir='ltr'><em>·ad</em></span> <span class='ocrx_word' id='word_1_67' title='bbox 277 1627 456 1694; x_wconf 86' lang='lat' dir='ltr'><em>sensoriirm</em></span> <span class='ocrx_word' id='word_1_68' title='bbox 465 1651 639 1694; x_wconf 87' lang='lat' dir='ltr'><em>commune</em></span> <span class='ocrx_word' id='word_1_69' title='bbox 647 1630 830 1715; x_wconf 90' lang='lat' dir='ltr'><em>perducere</em></span> <span class='ocrx_word' id='word_1_70' title='bbox 839 1628 901 1716; x_wconf 81' lang='lat'><em>(2)</em></span> <span class='ocrx_word' id='word_1_71' title='bbox 924 1629 1118 1694; x_wconf 85' lang='lat' dir='ltr'><em>Persuasum</em></span> <span class='ocrx_word' id='word_1_72' title='bbox 1128 1628 1191 1691; x_wconf 90' lang='lat' dir='ltr'><em>mi·</em></span> 
     </span>
     <span class='ocr_line' id='line_1_13' title="bbox 223 1723 1196 1825; baseline -0.001 -23"><span class='ocrx_word' id='word_1_73' title='bbox 223 1737 367 1825; x_wconf 79' lang='lat' dir='ltr'><em>hiigitur</em></span> <span class='ocrx_word' id='word_1_74' title='bbox 379 1749 441 1816; x_wconf 84' lang='lat' dir='ltr'><em>cst,</em></span> <span class='ocrx_word' id='word_1_75' title='bbox 462 1761 501 1803; x_wconf 83' lang='lat' dir='ltr'><em>ex</em></span> <span class='ocrx_word' id='word_1_76' title='bbox 518 1739 801 1821; x_wconf 86' lang='lat' dir='ltr'><em>observationibus</em></span> <span class='ocrx_word' id='word_1_77' title='bbox 815 1723 1016 1804; x_wconf 56' lang='lat' dir='ltr'><em>non&#39;eadem</em></span> <span class='ocrx_word' id='word_1_78' title='bbox 1033 1736 1196 1816; x_wconf 42' lang='lat' dir='ltr'><em>concludi,</em></span> 
     </span>
     <span class='ocr_line' id='line_1_14' title="bbox 222 1847 1192 1941; baseline -0.001 -29"><span class='ocrx_word' id='word_1_79' title='bbox 222 1869 317 1933; x_wconf 91' lang='lat' dir='ltr'><em>posse</em></span> <span class='ocrx_word' id='word_1_80' title='bbox 339 1849 428 1914; x_wconf 88' lang='lat' dir='ltr'><em>circa</em></span> <span class='ocrx_word' id='word_1_81' title='bbox 448 1849 633 1941; x_wconf 84' lang='lat' dir='ltr'><em>functiones</em></span> <span class='ocrx_word' id='word_1_82' title='bbox 654 1848 877 1914; x_wconf 85' lang='lat' dir='ltr'><em>funiculorum</em></span> <span class='ocrx_word' id='word_1_83' title='bbox 897 1849 1063 1914; x_wconf 78' lang='lat' dir='ltr'><em>medullae</em></span> <span class='ocrx_word' id='word_1_84' title='bbox 1080 1847 1192 1933; x_wconf 82' lang='lat' dir='ltr'><em>spina-</em></span> 
     </span>
     <span class='ocr_line' id='line_1_15' title="bbox 223 1956 1193 2044; baseline -0.002 -23"><span class='ocrx_word' id='word_1_85' title='bbox 223 1957 263 2021; x_wconf 85' lang='lat' dir='ltr'><em>lis</em></span> <span class='ocrx_word' id='word_1_86' title='bbox 291 1979 332 2021; x_wconf 90' lang='lat' dir='ltr'><em>ac</em></span> <span class='ocrx_word' id='word_1_87' title='bbox 363 1959 453 2022; x_wconf 90' lang='lat' dir='ltr'><em>circa</em></span> <span class='ocrx_word' id='word_1_88' title='bbox 480 1958 609 2023; x_wconf 84' lang='lat' dir='ltr'><em>radices</em></span> <span class='ocrx_word' id='word_1_89' title='bbox 629 1979 815 2024; x_wconf 86' lang='lat' dir='ltr'><em>nervorum.</em></span> <span class='ocrx_word' id='word_1_90' title='bbox 854 1958 1033 2022; x_wconf 49' lang='lat' dir='ltr'><em>¹Praeterea</em></span> <span class='ocrx_word' id='word_1_91' title='bbox 1057 1956 1131 2044; x_wconf 85' lang='lat' dir='ltr'><em>jam</em></span> <span class='ocrx_word' id='word_1_92' title='bbox 1153 1977 1193 2019; x_wconf 89' lang='lat' dir='ltr'><em>ex</em></span> 
     </span>
     <span class='ocr_line' id='line_1_16' title="bbox 211 2065 1293 2159; baseline 0 -29"><span class='ocrx_word' id='word_1_93' title='bbox 211 2067 323 2150; x_wconf 77' lang='lat' dir='ltr'><em>&#39;supra</em></span> <span class='ocrx_word' id='word_1_94' title='bbox 344 2065 440 2130; x_wconf 83' lang='lat' dir='ltr'><em>dictis</em></span> <span class='ocrx_word' id='word_1_95' title='bbox 460 2067 645 2156; x_wconf 82' lang='lat' dir='ltr'><em>luculenter</em></span> <span class='ocrx_word' id='word_1_96' title='bbox 665 2077 818 2153; x_wconf 86' lang='lat' dir='ltr'><em>apparet,</em></span> <span class='ocrx_word' id='word_1_97' title='bbox 843 2068 976 2132; x_wconf 88' lang='lat' dir='ltr'><em>minime</em></span> <span class='ocrx_word' id='word_1_98' title='bbox 996 2067 1124 2132; x_wconf 80' lang='lat' dir='ltr'><em>licitum</em></span> <span class='ocrx_word' id='word_1_99' title='bbox 1142 2086 1192 2130; x_wconf 88' lang='lat' dir='ltr'><em>es·</em></span> <span class='ocrx_word' id='word_1_100' title='bbox 1288 2147 1293 2159; x_wconf 24' lang='grc' dir='ltr'><strong><em>ν</em></strong></span> 
     </span>
     <span class='ocr_line' id='line_1_17' title="bbox 224 2175 1295 2262; baseline 0.005 -25"><span class='ocrx_word' id='word_1_101' title='bbox 224 2194 275 2251; x_wconf 83' lang='lat' dir='ltr'><em>se,</em></span> <span class='ocrx_word' id='word_1_102' title='bbox 313 2197 331 2237; x_wconf 89' lang='lat' dir='ltr'><em>e</em></span> <span class='ocrx_word' id='word_1_103' title='bbox 368 2175 512 2239; x_wconf 91' lang='lat' dir='ltr'><em>medulla</em></span> <span class='ocrx_word' id='word_1_104' title='bbox 546 2177 664 2262; x_wconf 74' lang='lat' dir='ltr'><em>spinuli</em></span> <span class='ocrx_word' id='word_1_105' title='bbox 708 2178 936 2243; x_wconf 85' lang='lat' dir='ltr'><em>conclusiones</em></span> <span class='ocrx_word' id='word_1_106' title='bbox 975 2177 1066 2242; x_wconf 88' lang='lat' dir='ltr'><em>circa</em></span> <span class='ocrx_word' id='word_1_107' title='bbox 1092 2175 1195 2262; x_wconf 87' lang='lat' dir='ltr'><em>ipsius</em></span> <span class='ocrx_word' id='word_1_108' title='bbox 1221 2213 1224 2223; x_wconf 95' lang='lat'><em>·</em></span> <span class='ocrx_word' id='word_1_109' title='bbox 1292 2237 1295 2242; x_wconf 86' lang='lat'><em>.</em></span> 
     </span>
     <span class='ocr_line' id='line_1_18' title="bbox 225 2263 851 2362; baseline 0.005 -16"><span class='ocrx_word' id='word_1_110' title='bbox 225 2301 343 2350; x_wconf 89' lang='lat' dir='ltr'><em>nervos</em></span> <span class='ocrx_word' id='word_1_111' title='bbox 359 2284 523 2362; x_wconf 77' lang='lat' dir='ltr'><em>formare,</em></span> <span class='ocrx_word' id='word_1_112' title='bbox 545 2306 610 2350; x_wconf 88' lang='lat' dir='ltr'><em>nec</em></span> <span class='ocrx_word' id='word_1_113' title='bbox 627 2263 705 2351; x_wconf 78' lang='lat' dir='ltr'><em>&#39;viee</em></span> <span class='ocrx_word' id='word_1_114' title='bbox 727 2307 830 2352; x_wconf 84' lang='lat' dir='ltr'><em>versa.</em></span> <span class='ocrx_word' id='word_1_115' title='bbox 848 2343 851 2349; x_wconf 89' lang='lat'>.</span> 
     </span>
     <span class='ocr_line' id='line_1_19' title="bbox 151 2393 1194 2487; baseline 0.005 -32"><span class='ocrx_word' id='word_1_116' title='bbox 151 2483 152 2487; x_wconf 6' lang='grc' dir='ltr'><strong>Ἰ</strong></span> <span class='ocrx_word' id='word_1_117' title='bbox 184 2411 186 2415; x_wconf 72' lang='grc'>’</span> <span class='ocrx_word' id='word_1_118' title='bbox 272 2393 541 2479; x_wconf 76' lang='lat' dir='ltr'><em>Observationes</em></span> <span class='ocrx_word' id='word_1_119' title='bbox 567 2417 704 2482; x_wconf 80' lang='lat' dir='ltr'><em>qaoque</em></span> <span class='ocrx_word' id='word_1_120' title='bbox 727 2397 980 2484; x_wconf 79' lang='lat' dir='ltr'><em>patlologicae</em></span> <span class='ocrx_word' id='word_1_121' title='bbox 1007 2396 1098 2461; x_wconf 86' lang='lat' dir='ltr'><em>circa</em></span> <span class='ocrx_word' id='word_1_122' title='bbox 1123 2414 1194 2460; x_wconf 85' lang='lat' dir='ltr'><em>mc·</em></span> 
     </span>
    </p>

    <p class='ocr_par' dir='ltr' id='par_1_6' title="bbox 144 2488 1196 3132">
     <span class='ocr_line' id='line_1_20' title="bbox 226 2488 1195 2592; baseline 0.004 -28"><span class='ocrx_word' id='word_1_123' title='bbox 226 2501 352 2565; x_wconf 84' lang='lat' dir='ltr'><em>duliam</em></span> <span class='ocrx_word' id='word_1_124' title='bbox 380 2504 553 2587; x_wconf 87' lang='lat' dir='ltr'><em>spinalem,</em></span> <span class='ocrx_word' id='word_1_125' title='bbox 589 2504 708 2590; x_wconf 91' lang='lat' dir='ltr'><em>quibus</em></span> <span class='ocrx_word' id='word_1_126' title='bbox 735 2516 880 2583; x_wconf 81' lang='lat' dir='ltr'><em>constal,</em></span> <span class='ocrx_word' id='word_1_127' title='bbox 914 2527 1045 2572; x_wconf 88' lang='lat' dir='ltr'><em>omnem</em></span> <span class='ocrx_word' id='word_1_128' title='bbox 1066 2488 1195 2592; x_wconf 84' lang='lat' dir='ltr'><em>saepius</em></span> 
     </span>
     <span class='ocr_line' id='line_1_21' title="bbox 144 2599 1193 2700; baseline 0.005 -27"><span class='ocrx_word' id='word_1_129' title='bbox 144 2599 146 2607; x_wconf 72' lang='grc'><strong>’</strong></span> <span class='ocrx_word' id='word_1_130' title='bbox 224 2621 350 2675; x_wconf 86' lang='lat' dir='ltr'><em>motum</em></span> <span class='ocrx_word' id='word_1_131' title='bbox 385 2613 529 2687; x_wconf 82' lang='lat' dir='ltr'><em>deletum</em></span> <span class='ocrx_word' id='word_1_132' title='bbox 558 2635 626 2677; x_wconf 89' lang='lat' dir='ltr'><em>esse</em></span> <span class='ocrx_word' id='word_1_133' title='bbox 657 2635 767 2700; x_wconf 88' lang='lat' dir='ltr'><em>posse,</em></span> <span class='ocrx_word' id='word_1_134' title='bbox 809 2616 968 2681; x_wconf 90' lang='lat' dir='ltr'><em>incolumi</em></span> <span class='ocrx_word' id='word_1_135' title='bbox 1003 2624 1193 2680; x_wconf 79' lang='lat' dir='ltr'><em>remanente</em></span> 
     </span>
     <span class='ocr_line' id='line_1_22' title="bbox 225 2714 1194 2810; baseline 0.004 -27"><span class='ocrx_word' id='word_1_136' title='bbox 225 2742 345 2803; x_wconf 72' lang='lat' dir='ltr'><em>sensu,v</em></span> <span class='ocrx_word' id='word_1_137' title='bbox 360 2721 409 2784; x_wconf 79' lang='lat' dir='ltr'><em>uli</em></span> <span class='ocrx_word' id='word_1_138' title='bbox 428 2732 475 2799; x_wconf 86' lang='lat' dir='ltr'><em>et,</em></span> <span class='ocrx_word' id='word_1_139' title='bbox 508 2723 656 2810; x_wconf 83' lang='lat' dir='ltr'><em>quamvis</em></span> <span class='ocrx_word' id='word_1_140' title='bbox 674 2714 794 2802; x_wconf 84' lang='lat' dir='ltr'><em>rarius,</em></span> <span class='ocrx_word' id='word_1_141' title='bbox 820 2727 925 2789; x_wconf 89' lang='lat' dir='ltr'><em>omnis</em></span> <span class='ocrx_word' id='word_1_142' title='bbox 945 2747 1055 2790; x_wconf 90' lang='lat' dir='ltr'><em>sensus</em></span> <span class='ocrx_word' id='word_1_143' title='bbox 1076 2723 1194 2789; x_wconf 89' lang='lat' dir='ltr'><em>hebes-</em></span> 
     </span>
     <span class='ocr_line' id='line_1_23' title="bbox 226 2817 1196 2921; baseline 0.004 -28"><span class='ocrx_word' id='word_1_144' title='bbox 226 2829 288 2906; x_wconf 83' lang='lat' dir='ltr'><em>cit,</em></span> <span class='ocrx_word' id='word_1_145' title='bbox 312 2830 440 2895; x_wconf 78' lang='lat' dir='ltr'><em>intacto</em></span> <span class='ocrx_word' id='word_1_146' title='bbox 458 2843 647 2898; x_wconf 79' lang='lat' dir='ltr'><em>remanente</em></span> <span class='ocrx_word' id='word_1_147' title='bbox 668 2843 776 2912; x_wconf 77' lang='lat' dir='ltr'><em>motu,</em></span> <span class='ocrx_word' id='word_1_148' title='bbox 797 2817 1048 2921; x_wconf 88' lang='lat' dir='ltr'><em>quodammodo</em></span> <span class='ocrx_word' id='word_1_149' title='bbox 1058 2834 1196 2921; x_wconf 89' lang='lat' dir='ltr'><em>quidem</em></span> 
     </span>
     <span class='ocr_line' id='line_1_24' title="bbox 225 2937 1195 3028; baseline 0.004 -25"><span class='ocrx_word' id='word_1_150' title='bbox 225 2937 424 3004; x_wconf 83' lang='lat' dir='ltr'><em>Belliaaam</em></span> <span class='ocrx_word' id='word_1_151' title='bbox 454 2941 625 3007; x_wconf 79' lang='lat' dir='ltr'><em>theoriam</em></span> <span class='ocrx_word' id='word_1_152' title='bbox 642 2942 787 3008; x_wconf 87' lang='lat' dir='ltr'><em>stabilire</em></span> <span class='ocrx_word' id='word_1_153' title='bbox 810 2945 940 3023; x_wconf 76' lang='lat' dir='ltr'><em>valent,</em></span> <span class='ocrx_word' id='word_1_154' title='bbox 971 2944 1029 3009; x_wconf 87' lang='lat' dir='ltr'><em>sed</em></span> <span class='ocrx_word' id='word_1_155' title='bbox 1056 2964 1109 3008; x_wconf 88' lang='lat' dir='ltr'><em>me</em></span> <span class='ocrx_word' id='word_1_156' title='bbox 1135 2942 1195 3028; x_wconf 91' lang='lat' dir='ltr'><em>ju·</em></span> 
     </span>
     <span class='ocr_line' id='line_1_25' title="bbox 225 3046 1196 3132; baseline 0.006 -21"><span class='ocrx_word' id='word_1_157' title='bbox 225 3046 317 3128; x_wconf 89' lang='lat' dir='ltr'><em>dice,</em></span> <span class='ocrx_word' id='word_1_158' title='bbox 339 3049 431 3112; x_wconf 89' lang='lat' dir='ltr'><em>nullo</em></span> <span class='ocrx_word' id='word_1_159' title='bbox 460 3051 563 3115; x_wconf 89' lang='lat' dir='ltr'><em>modo</em></span> <span class='ocrx_word' id='word_1_160' title='bbox 591 3054 786 3132; x_wconf 85' lang='lat' dir='ltr'><em>ostendunt,</em></span> <span class='ocrx_word' id='word_1_161' title='bbox 812 3053 947 3119; x_wconf 88' lang='lat' dir='ltr'><em>ubinam</em></span> <span class='ocrx_word' id='word_1_162' title='bbox 968 3075 1081 3119; x_wconf 90' lang='lat' dir='ltr'><em>revera</em></span> <span class='ocrx_word' id='word_1_163' title='bbox 1099 3053 1196 3118; x_wconf 83' lang='lat' dir='ltr'><em>&#39;inve-</em></span> 
     </span>
    </p>
   </div>
   <div class='ocr_carea' id='block_1_5' title="bbox 79 3140 1197 3333">
    <p class='ocr_par' dir='ltr' id='par_1_7' title="bbox 79 3140 1197 3356">
     <span class='ocr_line' id='line_1_26' title="bbox 79 3140 1197 3256; baseline 0.006 -36"><span class='ocrx_word' id='word_1_164' title='bbox 79 3232 82 3236; x_wconf 37' lang='grc'><strong>,</strong></span> <span class='ocrx_word' id='word_1_165' title='bbox 176 3166 202 3243; x_wconf 28' lang='grc' dir='ltr'>Ἰ</span> <span class='ocrx_word' id='word_1_166' title='bbox 224 3156 363 3220; x_wconf 89' lang='lat' dir='ltr'><em>niendus</em></span> <span class='ocrx_word' id='word_1_167' title='bbox 390 3158 430 3221; x_wconf 80' lang='lat' dir='ltr'><em>sit</em></span> <span class='ocrx_word' id='word_1_168' title='bbox 448 3140 565 3238; x_wconf 75' lang='lat' dir='ltr'><em>locus,</em></span> <span class='ocrx_word' id='word_1_169' title='bbox 592 3158 692 3227; x_wconf 86' lang='lat' dir='ltr'><em>unde</em></span> <span class='ocrx_word' id='word_1_170' title='bbox 708 3162 818 3228; x_wconf 74' lang='lat' dir='ltr'><em>seusus</em></span> <span class='ocrx_word' id='word_1_171' title='bbox 846 3174 947 3250; x_wconf 82' lang='lat' dir='ltr'><em>atque</em></span> <span class='ocrx_word' id='word_1_172' title='bbox 973 3140 1082 3248; x_wconf 75' lang='lat' dir='ltr'><em>matris</em></span> <span class='ocrx_word' id='word_1_173' title='bbox 1103 3163 1197 3256; x_wconf 79' lang='lat' dir='ltr'><em>nervi</em></span> 
     </span>
     <span class='ocr_line' id='line_1_27' title="bbox 224 3264 581 3333; baseline 0.006 -3.288"><span class='ocrx_word' id='word_1_174' title='bbox 224 3265 292 3328; x_wconf 85' lang='lat' dir='ltr'><em>vim</em></span> <span class='ocrx_word' id='word_1_175' title='bbox 314 3279 405 3331; x_wconf 86' lang='lat' dir='ltr'><em>suam</em></span> <span class='ocrx_word' id='word_1_176' title='bbox 427 3264 581 3333; x_wconf 73' lang='lat' dir='ltr'><em>Habeant.</em></span> 
     </span>
    </p>
   </div>
   <div class='ocr_carea' id='block_1_6' title="bbox 225 3516 586 3538">
    <p class='ocr_par' dir='ltr' id='par_1_8' title="bbox 225 3516 586 3538">
     <span class='ocr_line' id='line_1_28' title="bbox 225 3516 586 3538; baseline -0.014 3"><span class='ocrx_word' id='word_1_177' title='bbox 225 3516 586 3538; x_wconf 45' lang='grc' dir='ltr'><em>ῃ--ᾐ-Ἷ-ω</em></span> 
     </span>
    </p>
   </div>
   <div class='ocr_carea' id='block_1_7' title="bbox 255 3682 1203 3851">
    <p class='ocr_par' dir='ltr' id='par_1_9' title="bbox 255 3682 1203 3851">
     <span class='ocr_line' id='line_1_29' title="bbox 255 3682 1157 3766; baseline -0.002 -27"><span class='ocrx_word' id='word_1_178' title='bbox 255 3682 304 3757; x_wconf 72' lang='lat'><em>(1)&#39;</em></span> <span class='ocrx_word' id='word_1_179' title='bbox 318 3686 477 3757; x_wconf 70' lang='lat' dir='ltr'><em>Saulem,</em></span> <span class='ocrx_word' id='word_1_180' title='bbox 496 3691 516 3741; x_wconf 87' lang='grc' dir='ltr'><em>Ι.</em></span> <span class='ocrx_word' id='word_1_181' title='bbox 536 3709 559 3744; x_wconf 90' lang='lat' dir='ltr'><em>c.</em></span> <span class='ocrx_word' id='word_1_182' title='bbox 576 3711 635 3762; x_wconf 79' lang='lat' dir='ltr'><em>pag.</em></span> <span class='ocrx_word' id='word_1_183' title='bbox 653 3695 697 3746; x_wconf 77' lang='lat'><em>50.</em></span> <span class='ocrx_word' id='word_1_184' title='bbox 1154 3760 1157 3766; x_wconf 27' lang='grc' dir='ltr'>Ι</span> 
     </span>
     <span class='ocr_line' id='line_1_30' title="bbox 255 3770 1203 3851; baseline 0.006 -27"><span class='ocrx_word' id='word_1_185' title='bbox 255 3770 296 3841; x_wconf 73' lang='lat'><em>(2)</em></span> <span class='ocrx_word' id='word_1_186' title='bbox 317 3771 557 3845; x_wconf 17' lang='lat' dir='ltr'><em>Cani-*niscaorr</em></span> <span class='ocrx_word' id='word_1_187' title='bbox 573 3777 603 3844; x_wconf 87' lang='lat'><em>(1.</em></span> <span class='ocrx_word' id='word_1_188' title='bbox 615 3796 638 3829; x_wconf 89' lang='lat' dir='ltr'><em>c.</em></span> <span class='ocrx_word' id='word_1_189' title='bbox 653 3796 713 3846; x_wconf 81' lang='lat' dir='ltr'><em>pag.</em></span> <span class='ocrx_word' id='word_1_190' title='bbox 724 3777 758 3831; x_wconf 83' lang='lat'><em>78</em></span> <span class='ocrx_word' id='word_1_191' title='bbox 774 3786 800 3830; x_wconf 84' lang='lat' dir='ltr'><em>et</em></span> <span class='ocrx_word' id='word_1_192' title='bbox 817 3778 882 3848; x_wconf 82' lang='lat'>79),</span> <span class='ocrx_word' id='word_1_193' title='bbox 902 3779 949 3851; x_wconf 86' lang='lat' dir='ltr'><em>qui</em></span> <span class='ocrx_word' id='word_1_194' title='bbox 964 3782 1018 3848; x_wconf 79' lang='lat' dir='ltr'><em>jam</em></span> <span class='ocrx_word' id='word_1_195' title='bbox 1036 3795 1105 3831; x_wconf 79' lang='lat' dir='ltr'><em>auno</em></span> <span class='ocrx_word' id='word_1_196' title='bbox 1121 3794 1203 3846; x_wconf 82' lang='lat' dir='ltr'><em>pree-</em></span> 
     </span>
    </p>
   </div>
   <div class='ocr_carea' id='block_1_8' title="bbox 313 3855 1202 4006">
    <p class='ocr_par' dir='ltr' id='par_1_10' title="bbox 313 3855 1202 4006">
     <span class='ocr_line' id='line_1_31' title="bbox 313 3855 1202 3932; baseline 0.007 -25"><span class='ocrx_word' id='word_1_197' title='bbox 313 3856 422 3910; x_wconf 81' lang='lat' dir='ltr'><em>cedente</em></span> <span class='ocrx_word' id='word_1_198' title='bbox 440 3855 490 3910; x_wconf 85' lang='lat' dir='ltr'><em>hac</em></span> <span class='ocrx_word' id='word_1_199' title='bbox 509 3860 541 3911; x_wconf 87' lang='lat' dir='ltr'><em>de</em></span> <span class='ocrx_word' id='word_1_200' title='bbox 560 3877 593 3912; x_wconf 84' lang='lat' dir='ltr'><em>re</em></span> <span class='ocrx_word' id='word_1_201' title='bbox 608 3861 728 3914; x_wconf 83' lang='lat' dir='ltr'><em>instituta</em></span> <span class='ocrx_word' id='word_1_202' title='bbox 744 3863 923 3931; x_wconf 77' lang='lat' dir='ltr'><em>experimenta</em></span> <span class='ocrx_word' id='word_1_203' title='bbox 941 3881 992 3932; x_wconf 86' lang='lat' dir='ltr'><em>pro</em></span> <span class='ocrx_word' id='word_1_204' title='bbox 1013 3869 1088 3932; x_wconf 71' lang='lat' dir='ltr'><em>paru</em></span> <span class='ocrx_word' id='word_1_205' title='bbox 1105 3862 1202 3918; x_wconf 79' lang='lat' dir='ltr'><em>divul-</em></span> 
     </span>
     <span class='ocr_line' id='line_1_32' title="bbox 313 3938 393 4006; baseline 0.05 -18"><span class='ocrx_word' id='word_1_206' title='bbox 313 3938 393 4006; x_wconf 73' lang='lat' dir='ltr'><em>gavit.</em></span> 
     </span>
    </p>
   </div>
   <div class='ocr_carea' id='block_1_9' title="bbox 0 0 1311 4718">
    <p class='ocr_par' dir='ltr' id='par_1_11' title="bbox 0 0 1311 4718">
     <span class='ocr_line' id='line_1_33' title="bbox 0 0 1311 4718; baseline 0 0"><span class='ocrx_word' id='word_1_207' title='bbox 0 0 1311 4718; x_wconf 95' lang='lat' dir='ltr'><em> </em></span> 
     </span>
    </p>
   </div>
  </div>
 </body>
</html>
