2596 4718
538 453 664 536 Ι’38

157 649 308 720 nentrum
333 650 545 718 transvehunt
570 650 800 738 impressiones
825 672 939 718 eorum
960 663 1132 735 motuum,

43 842 46 847 .
156 763 215 851 qui
241 784 280 827 ex
301 763 373 848 ipso
396 770 511 826 centro
539 760 700 848 originem
727 770 866 826 traxere.
911 748 966 828 ¹Uti
985 762 1021 828 in
1041 768 1132 829 stain

157 872 300 938 normali
324 871 434 937 nullus
458 858 609 957 unquam
631 871 769 935 arteriae
789 881 941 950 truncus,
963 870 1001 937 in
1020 870 1134 939 eiren-

33 961 35 965 ’
121 1015 123 1018 <
159 983 284 1047 latione
303 980 447 1068 majore,
472 981 508 1045 in
529 1000 664 1057 venam,
689 1000 752 1047 neo
771 980 844 1046 rice
861 976 972 1058 seraa,
991 980 1135 1049 senone

157 1095 294 1157 truncus
311 1090 347 1154 in
365 1076 519 1156 arteriar'ir'
542 1089 672 1180 transit,
698 1090 745 1155 sie
770 1083 880 1155 nullus
899 1082 999 1166 etiarn
1012 1094 1132 1157 senen

157 1181 367 1296 riusonerrus
395 1220 472 1264 cum
496 1196 642 1263 motoria
666 1217 769 1264 nervo
801 1199 837 1263 in
861 1220 964 1264 unum
993 1206 1132 1268 nervum

157 1294 316 1387 confluit,
341 1309 401 1396 qui
418 1309 518 1373 unica
529 1306 665 1373 'tanturn
679 1308 728 1385 vi,
760 1329 799 1373 ex
816 1306 990 1396 utriusque
1009 1306 1135 1375 ordinis
1162 1375 1165 1382 ,

103 1485 108 1494 ,
158 1418 257 1484 Nervi
270 1414 429 1484 confluxu
444 1415 644 1509 profluente,
669 1416 844 1505 praeditus
862 1412 961 1505 foretj
1011 1414 1033 1445 '⁵

204 1526 414 1617 Rogantibus
438 1548 534 1604 vero,
556 1516 698 1593 'cuinam
724 1524 824 1614 igitur
848 1524 1132 1614 seopo'insert'iat

42 1701 44 1707 ,
158 1659 261 1733 uenus
278 1636 349 1714 ille,
373 1636 425 1702 vel
443 1638 554 1723 potius
568 1636 628 1700 -illa
649 1638 825 1722 appositio
844 1620 1131 1722 utriusque'ortliss

158 1748 208 1811 nis
230 1746 430 1822 Nervorum,
454 1746 603 1832 sequenti
629 1745 758 1809 ratione
776 1734 1047 1843 respondendum
1063 1744 1132 1812 ’θεὲ

59 1869 73 1911 ἰ
158 1856 319 1922 arbitror:

204 1967 250 2052 l.)
287 1964 446 2033 Custodes
475 1975 508 2029 et
533 1963 786 2041 Procuratores,
822 1966 926 2051 quum
950 1928 1132 2031 'erote'h‘io

29 2125 41 2181 ξ
157 2074 221 2139 sibi
244 2074 417 2160 adjacent,
450 2071 676 2137 funetionibus
700 2058 765 2137 suis
791 2072 852 2136 sibi
876 2072 1019 2139 invitem
1042 2074 1134 2140 auxi·

159 2184 235 2248 liari
252 2204 364 2269 posse,
386 2192 443 2245 aut
461 2183 532 2247 aliis
549 2182 671 2260 verbis,
692 2183 815 2249 tter-vos
830 2183 992 2248 motorios
1009 2194 1045 2260 et
1061 2204 1134 2250 sen·

160 2269 264 2358 sorios
280 2293 342 2356 sihi
358 2293 500 2358 invicem
517 2292 689 2380 adjacere,
703 2302 739 2358 ut
757 2293 805 2356 ilii
824 2282 1007 2361 arcere'vel
1024 2310 1133 2361 arces·

161 2423 231 2466 sere
248 2412 401 2488 possunt,
427 2401 509 2488 quid
528 2400 563 2465 hi
584 2402 743 2480 sentiant,
763 2413 795 2467 et
813 2404 862 2468 sie
880 2398 1133 2493 viceversa'(l)0

203 2511 253 2598 2.)
277 2512 370 2575 Hanc
388 2511 579 2574 societatem
589 2532 746 2598 magnae,
768 2512 837 2576 'sine
848 2511 968 2591 dubio,
988 2528 1062 2579 essa
1072 2514 1136 2579 uti·

161 2620 262 2684 litatis
276 2620 312 2684 in
327 2640 414 2683 nexu
432 2620 614 2685 Nervorum
637 2618 733 2689 Vitae
756 2618 914 2685 Animalia
934 2636 1013 2686 eum
1029 2602 1138 2690 nervis

161 2730 257 2798 Vitae
280 2729 526 2816 Vegetativae„

203 2942 330 3010 Exinde
355 2948 455 3012 etiam
482 2946 777 3033 facileexplieatu
802 2944 1055 3037 mihi'·v'idetur,
1081 2970 1140 3016 ern

162 3055 322 3119 Animalis
342 3055 437 3123 Vitae
455 3057 548 3122 nervi
564 3057 599 3121 in
617 3057 704 3122 linea
721 3044 874 3121 mediana
891 3057 1048 3143 eorporis
1063 3080 1141 3124 nus·

165 3184 267 3248 quam
290 3142 357 3227 sese
375 3163 531 3250 jungant.
557 3165 702 3229 Sensorii
719 3166 811 3231 nervi
828 3167 904 3232 finis
920 3176 969 3230 est
986 3168 1025 3231 in
1044 3179 1139 3246 ente,

165 3272 299 3337 motorii
328 3294 407 3339 vero
432 3274 528 3340 nervi
550 3275 586 3339 in
612 3276 788 3354 musculis,
820 3276 976 3347 musculi·
990 3277 1142 3366 denique
1180 3258 1187 3275 ⁶

164 3382 261 3450 Vitae
289 3382 447 3448 Animalia
470 3395 504 3449 et
529 3385 613 3450 eutis
639 3376 853 3472 symmetriae
870 3374 1029 3473 dispositi·
1045 3398 1140 3467 sunt,

111 3576 114 3581 .
163 3493 213 3557 uti
238 3502 271 3557 et
298 3494 390 3557 nervi
420 3493 516 3562 Vitae
541 3494 708 3562 Animalia.
763 3496 887 3563 Nervus
907 3497 1007 3563 unius
1028 3498 1143 3564 lateris

100 3641 104 3646 -
165 3622 234 3666 non
250 3623 311 3688 per
327 3603 448 3668 lineam
464 3604 653 3670 medianam
672 3607 823 3692 eorporis
839 3607 875 3671 in
893 3607 1041 3691 alterum
1060 3609 1146 3674 latus

366 3734 380 3767 1

195 3978 235 4049 (Ι)
256 3977 330 4029 Infra
352 3977 504 4046 explicandi
529 3977 604 4030 loona
627 3979 697 4045 erit,
725 3977 899 4048 quamobrem
925 3978 1058 4034 nonulli
1075 3979 1151 4035 nanti

151 4074 153 4079 ·
255 4061 363 4113 motorii
380 4079 511 4115 roncum
530 4061 653 4115 sensoriis
670 4063 722 4115 sint
740 4062 894 4131 conjuncti·
