2596 4718
625 413 668 475 db

336 594 365 640 ll.
378 635 380 642 ,
391 594 466 642 Urius
484 606 584 641 ananau
602 582 772 639 asnrsratnu
792 592 922 664 narriepro.

114 727 116 733 ·
206 700 250 766 ΙΙ.
280 701 373 768 Alius
389 703 554 779 cuniculi,
575 702 717 789 junioris
745 685 876 780 aetatis,
901 705 1015 768 orario
1033 726 1126 791 aper·

165 824 217 891 to,
250 816 412 879 dextrum
447 814 654 878 solummodo
685 813 811 879 cerebri
840 813 1128 899 templumtam

163 924 307 1000 reseoni,
336 924 434 987 nullis
456 923 579 987 doloris
597 924 695 1009 signis
716 923 923 1008 provocatis:
953 922 1030 986 dein
1048 924 1128 987 Nar·

161 1052 239 1098 vum
260 1031 471 1096 olfactorium
488 1042 521 1096 et
539 1032 578 1096 N.
600 1027 915 1118 opticum'ejusdem
932 1031 1041 1096 lateris
1055 1053 1130 1118 per·

133 1142 275 1218 ‚saeuis
312 1141 505 1226 nullumque
537 1139 708 1206 observavi
744 1139 903 1206 dolorem.
960 1141 1132 1228 Sanguinis

156 1248 293 1335 jactura
311 1251 388 1314 satis
410 1270 530 1336 magna
553 1249 625 1319 fuit.
667 1249 745 1313 Post
772 1249 997 1334 operationem
1012 1250 1129 1315 'cordis

158 1357 302 1442 pulsatio
328 1359 497 1448 regularis.
544 1358 623 1422 Solo
654 1358 843 1444 impositum
860 1359 999 1436 animal,
1023 1360 1130 1424 nullos

164 1466 333 1532 instituere
358 1477 499 1532 oonatus
516 1478 706 1558 astusartus,
732 1469 950 1534 extremitates
976 1490 1073 1546 vero,
1104 1470 1131 1534 si

80 1644 82 1654 ,
163 1579 444 1653 extendebantur,
480 1578 634 1655 adduxit,
668 1577 786 1642 eodem
806 1579 908 1643 modo
937 1599 978 1643 ao
1009 1579 1045 1642 in
1076 1600 1131 1642 ex-

103 1695 105 1702 '
159 1687 343 1770 parimento
377 1687 609 1771 praecedente.
673 1685 782 1766 Quum
815 1687 935 1750 calami
966 1686 1130 1771 scriptorii
1237 1724 1239 1728 ·

162 1795 257 1883 epioe
274 1795 390 1860 leviter
407 1798 595 1859 eminentia
616 1782 887 1882 qnndn‘gemz‘na
905 1794 1013 1857 minor
1033 1793 1132 1857 attin·

162 1913 311 1990 geretur,
337 1903 436 1968 eooel
461 1904 634 1989 repentino
663 1925 760 1981 cursu
779 1925 840 1987 per
859 1903 975 1968 decem
994 1902 1062 1966 lere
1080 1903 1132 1967 ul·

160 2032 279 2077 narum
304 2013 464 2097 spatium,
483 2013 621 2098 sagittae
641 2013 685 2076 ad
702 2013 823 2088 instar,
850 2021 1035 2076 antrorsum
1064 1997 1132 2075 sese

143 2122 264 2187 ‘morit
287 2121 424 2198 animal,
454 2121 572 2185 exinde
604 2142 682 2187 vero
711 2141 772 2205 per
802 2116 940 2184 eandem
967 2120 1054 2185 viam
1080 2141 1133 2184 re·

91 2244 94 2253 “
161 2248 308 2307 versum,
340 2231 376 2293 in
409 2229 519 2294 medio
556 2250 653 2295 eursu
691 2239 826 2315 repente
866 2229 1022 2292 constitit.
1070 2221 1134 2294 C'u·

162 2338 292 2436 pioulus
318 2360 407 2403 nuno
439 2339 500 2404 sibi
526 2340 715 2404 commissus
731 2349 807 2424 post
830 2337 927 2402 horas
951 2348 1016 2402 tres
1038 2336 1133 2424 (hora

160 2466 279 2532 nempe
309 2449 493 2533 vespertina
531 2459 669 2514 octava·
689 2457 722 2512 et
756 2446 907 2534 dimidia)
945 2448 980 2511 in
1018 2446 1135 2511 eodem

157 2555 224 2620 situ
255 2567 288 2623 et
314 2557 424 2641 positu
448 2542 692 2641 reperiebatur3
719 2555 827 2619 faeces
852 2566 884 2619 et
901 2557 1030 2619 urinam
1057 2550 1136 2618 emi·

163 2676 261 2729 serat.
318 2665 412 2745 Quae
443 2674 541 2729 antea
578 2665 613 2726 in
643 2663 902 2728 extremitatibus
934 2641 1137 2728 institueram

160 2773 405 2858 experimenta,
451 2772 567 2838 eadem
608 2783 641 2836 et
669 2793 779 2840 nuno&
798 2770 879 2834 mihi
914 2771 1147 2857 praebuerunt
1179 2777 1182 2783 '

126 2962 131 2971 Α
161 2879 405 2966 phaenomena.
452 2880 582 2944 Animal
610 2881 645 2944 in
668 2881 785 2945 eodem
817 2880 937 2946 versari
964 2881 1138 2944 videbatur

162 2999 262 3054 statu.
308 2989 385 3053 Post
406 2987 661 3078 horamunam‚
686 2991 808 3054 lumine
835 3000 910 3054 ante
937 2990 1055 3054 oeulos
1074 3011 1136 3075 po·
1195 3020 1197 3025 ·

89 3167 93 3175 ,
162 3100 246 3176 sito,
281 3098 459 3184 palpebras
484 3100 693 3176 ‘claudebam
732 3098 852 3186 quibus
883 3117 983 3162 manu
1018 3098 1137 3162 diduc-

162 3209 220 3284 tis,
266 3229 342 3271 sese
384 3209 614 3273 contrahebat
644 3208 799 3295 pupilla.
856 3207 991 3290 Quoties
1021 3208 1136 3293 strepi·

163 3327 233 3380 tum
251 3336 409 3403 magnum
440 3316 581 3380 edebam
602 3339 707 3403 prope
736 3338 830 3381 aures
856 3315 1024 3398 animalis,
1049 3316 1138 3380 huno
1226 3340 1228 3348 ⁴

164 3425 418 3512 quodammodo
447 3427 618 3512 percipere
654 3425 839 3492 videbatur.
897 3426 1033 3508 Quoties
1071 3425 1139 3490 lor-

163 3534 228 3597 tius
260 3535 428 3620 agitabam
462 3535 564 3620 pedes
595 3525 652 3598 aut
689 3517 805 3599 nasum
841 3533 1032 3609 irritabam,
1067 3533 1138 3596 ani·

165 3625 253 3719 mal,
297 3653 333 3706 ut
364 3644 431 3707 fere
461 3645 566 3709 solent
603 3644 769 3719 cuniculi,
803 3642 1003 3717 mandebat,
1038 3649 1140 3724 oaput

165 3749 372 3828 retrahebat,
407 3753 554 3838 linguam
582 3753 729 3837 repetitis
755 3751 882 3815 vicibus
906 3749 1082 3814 *emittebat
1103 3745 1142 3810 ex
1179 3730 1183 3735 .

83 3935 88 3942 ¹
163 3880 242 3936 ore,
285 3870 386 3947 atque
422 3873 522 3929 semet
557 3862 665 3947 ipsum
696 3861 798 3926 veluti
831 3869 937 3923 totum
968 3853 1143 3921 contrabe-

167 3968 237 4034 bat.
262 3997 306 4018 -h
329 3969 418 4035 llora
438 3969 624 4057 vespertina
637 3956 820 4034 undecima
840 3966 961 4060 animal
976 3965 1063 4034 notis
1076 3961 1141 4027 eir·
1212 3963 1216 3974 '
