2596 4718
626 395 688 461 108

174 579 343 645 beatorum
353 575 434 641 serie
444 585 531 642 tenet
536 599 547 656 3
563 575 698 640 omnino
714 592 794 640 vero
808 572 1137 661 imperfectusiupri·

161 706 230 752 'mo
247 687 395 752 animalis
410 683 738 761 evolationisstadio‚
760 692 793 749 et
807 682 877 747 sine
886 682 991 747 dubio
1006 683 1138 750 omuino

173 795 393 872 desideratur,
408 795 487 858 dum
494 794 556 880 ipsi
567 794 684 880 origini
692 791 933 881 proximum-est
942 791 1066 855 animal
1075 791 1138 878 (·.1)

215 904 433 968 Exordiamur
451 923 471 965 a
492 903 655 967 Piscibus
661 925 677 983 ;
696 902 732 965 in
749 897 840 966 hisee
858 898 1057 964 animalibus
1068 898 1147 986 jam·

173 1031 328 1099 magnam
347 1010 561 1096 perspicimus
579 1008 819 1094 separationem
843 1017 876 1074 et
892 1006 1046 1092 materiei
1063 1025 1137 1072 ner·

173 1140 254 1186 reae
284 1129 328 1184 et
346 1120 481 1198 sirium,
512 1139 598 1205 quae
627 1116 706 1183 huie
735 1117 883 1182 materiei
908 1116 1028 1182 insitae
1043 1124 1138 1181 sunt.
1187 1160 1190 1169 .

173 1227 373 1296 Observatur
384 1249 501 1313 nempe
513 1226 747 1314 encepbalum,
766 1224 908 1292 Medulla
920 1225 1140 1311 spinaliseum

173 1337 296 1414 nervis,
320 1338 443 1402 Nervus
460 1357 562 1425 vagus
580 1357 778 1423 permagnus
802 1345 836 1402 et
861 1335 986 1402 Nervus
1011 1356 1139 1423 sympa-

176 1443 284 1510 tbieus
299 1446 396 1511 valde
416 1429 522 1511 tenuis
544 1445 606 1533 (2).

218 1553 259 1618 Iu
274 1555 390 1643 gyrino
398 1555 515 1621 Ranae
532 1556 742 1641 parodoxae,
766 1571 885 1641 parum
894 1553 1046 1632 evoluto,
1065 1553 1138 1619 nul·

173 1664 242 1728 lum
255 1664 395 1730 Nessum
412 1663 652 1752 sympathieum
670 1662 793 1748 reperi,
817 1662 930 1727 forsan
945 1672 1063 1729 tamen
1080 1663 1137 1728 ad·

172 1782 238 1849 est,
261 1773 320 1837 sed
340 1773 427 1838 adeo
447 1775 597 1858 exiguus,
622 1783 658 1837 ut
679 1772 784 1837 aciem
802 1772 978 1837 oculorum
994 1771 1138 1858 effugiat.

216 1882 258 1947 In
283 1883 418 1969 reliquis
435 1883 634 1970 Repe-‘ilibus
656 1882 779 1947 Nervus
799 1878 1026 1967 sympathicus
1042 1879 1141 1967 magis

172 1991 319 2058 minusve
338 1991 488 2059 evolutus
510 1991 673 2072 cernitur3
696 2000 878 2074 numquam
897 2008 979 2054 sero
1000 1988 1048 2053 ita
1067 2006 1141 2054 eso·

174 2098 280 2176 lutus,
313 2108 351 2163 ut
379 2099 416 2163 in
438 2097 589 2177 Avibus,
629 2100 664 2164 in
694 2097 814 2183 quibus
839 2108 951 2162 tamen
979 2096 1020 2163 N.
1049 2095 1142 2166 Vitas

174 2208 378 2294 vegetativos
414 2229 585 2295 nunquam
623 2208 722 2272 talem
756 2207 941 2294 assequitur
963 2204 1141 2292 perfeetio-

174 2336 266 2393 nem,
291 2316 424 2402 qualem
444 2317 480 2381 in
502 2318 756 2384 Mammenses.

155 2721 167 2748 Φ
207 2711 249 2782 (1)
271 2708 354 2781 Quod
372 2711 451 2764 etism
469 2712 547 2767 valde
566 2713 706 2781 probabile
723 2721 764 2767 est
781 2712 925 2768 meandum
942 2730 1028 2767 meam
1045 2719 1149 2767 senten·

266 2797 330 2847 tiam
350 2796 384 2848 (le
402 2796 481 2848 variis
496 2797 622 2866 gradibus
645 2799 790 2866 systematis
813 2797 923 2861 nervei,
942 2813 1013 2866 quos
1036 2813 1149 2866 pereur-

267 2886 330 2930 runt
351 2881 480 2932 animalia.
516 2880 603 2949 Hujus
619 2881 760 2933 sententiae
779 2880 951 2949 explicandae
967 2880 1077 2934 occasio
1091 2894 1150 2932 mox

268 2961 362 3015 adesit.

204 3044 248 3114 (2)
269 3043 357 3111 Sunt,
384 3046 430 3114 qui
455 3047 616 3100 contendant
642 3047 761 3102 Nervum
784 3045 978 3117 sympalbieum
1001 3047 1032 3100 in
1056 3045 1150 3102 Cbou·

267 3127 444 3198 dropterygiis
454 3132 561 3183 omniuo
578 3131 739 3198 desiderari3
757 3149 825 3202 quae
841 3130 934 3199 opinio
949 3137 1040 3184 tamen
1056 3148 1150 3185 seeun-

268 3210 330 3262 dum
350 3211 558 3266 Celebsm'mum
578 3229 607 3267 o.
627 3228 823 3279 cursaaruu,
849 3230 899 3282 pro
917 3230 1012 3267 errore
1030 3213 1150 3268 babendo

267 3301 319 3359 ast3
346 3297 458 3362 uesr‚”
479 3299 545 3352 dicit
561 3299 605 3352 Cl.
627 3302 747 3366 Auctor,
774 3303 825 3370 »je
843 3300 890 3351 l'ai
908 3316 945 3353 vu
961 3299 1021 3352 fort
1038 3300 1150 3353 distine-

267 3384 392 3430 stemeut
418 3381 482 3434 dans
507 3384 545 3435 les
569 3384 668 3435 raies.'’
705 3384 738 3435 ln
755 3381 947 3452 orthagorisco
961 3382 1037 3435 mols
1065 3383 1151 3453 (pois-

267 3479 316 3514 son
334 3462 407 3531 lune)
428 3463 465 3517 N.
484 3465 665 3536 sympstbious
681 3467 824 3522 secuudum
848 3466 959 3518 eundem
979 3465 1025 3518 Cl.
1047 3468 1151 3519 Auel&

268 3559 326 3596 nem
344 3545 421 3598 valtis
440 3564 547 3616 magnus
566 3557 622 3614 est,
649 3557 729 3618 atque
753 3550 877 3618 persequi
901 3548 990 3616 ipsum
1015 3564 1151 3618 pumma!

271 3643 353 3695 usqua
372 3628 406 3679 ad
423 3638 512 3698 ceput.
549 3632 581 3684 In
599 3631 650 3686 boc
669 3635 775 3686 animali
791 3651 851 3688 eum
870 3631 907 3685 N.
926 3633 1070 3701 trigemino
1087 3650 1152 3688 sou·

267 3713 374 3780 junctus
389 3713 536 3779 invenitor;
553 3732 607 3768 non
623 3733 688 3772 vero
706 3734 766 3769 cum
785 3714 822 3768 N.
839 3715 991 3767 abducenti.
1021 3714 1055 3768 lu
1075 3714 1152 3769 Gaio

267 3792 393 3847 mosrhus
420 3799 505 3851 eredit
524 3799 628 3853 Auctor
654 3818 681 3853 se
706 3800 786 3852 talem
808 3800 1024 3869 conjunctionem
1045 3801 1151 3856 visua

266 3877 349 3932 Cous.
366 3881 485 3934 Histoire
501 3885 638 3938 Natarelle
655 3888 699 3938 des
716 3888 840 3938 Poissons
852 3901 907 3952 por
931 3896 961 3936 rt.
988 3898 1109 3940 curm
1127 3889 1152 3939 d

269 3976 508 4021 sanauossuuss.
525 3966 604 4022 Tem.
620 3968 645 4022 1.
665 3968 742 4022 1828.
759 3985 819 4038 pag.
835 3968 897 4021 438.
914 4020 917 4025 ,
