2596 4718
595 349 672 460 nr

161 574 265 645 ducta
284 583 444 655 tuentur3'
460 593 531 661 quo
551 575 658 662 megia
676 594 792 641 omnes
810 576 913 654 vires,
931 574 1026 643 -huno
1037 589 1140 644 unum

158 688 196 752 in
221 684 322 752 finam
351 685 562 772 conspirant,
595 705 636 750 eo
662 687 770 752 minus
786 685 856 751 -illo
881 695 1001 752 mutuo
1026 687 1139 754 tulero

154 817 277 864 carere
304 805 460 883 possunt,
496 815 537 860 eo
563 795 668 882 magis
696 805 804 861 totum
832 816 955 882 corpus
975 795 1142 863 afficiatur

159 909 380 983 necesse'est,
412 905 441 974 si
462 905 639 992 quaedam
669 904 771 992 ipsius
796 915 909 992 partes
936 905 1168 983 afficiantur„

160 1017 214 1084 rel
239 1016 342 1081 immo
366 1015 393 1080 si
419 1015 520 1081 unica
539 1015 681 1082 laboret.
727 998 922 1103 sympathia
937 1016 1053 1103 itaque
1072 1035 1147 1080 ma-

153 1175 156 1179 ψ
161 1147 248 1214 gnae
263 1125 353 1192 illius
370 1125 706 1193 Hermonem-totius
725 1125 877 1212 corporis
884 1135 932 1192 est
943 1125 1090 1212 sequela.
1100 1162 1146 1177 --

163 1236 296 1302 llinime
312 1245 423 1301 autem
441 1234 611 1324 intelligo,
636 1255 743 1323 quare
761 1233 936 1300 harmonia
955 1215 1032 1314 illa,
1057 1254 1148 1322 quae

163 1346 393 1432 corporitam
409 1345 596 1413 necessaria
615 1359 750 1432 prorsus
776 1354 845 1422 est,
877 1340 987 1432 (quod
1009 1344 1146 1431 quidem

162 1476 263 1522 nemo
288 1475 412 1542 negare
432 1438 578 1543 potest),
600 1463 637 1520 ct
654 1453 752 1541 cujus
772 1455 925 1541 sequela,
956 1465 994 1519 ut
1012 1455 1145 1532 monui,

164 1563 352 1653 sympathia
378 1563 538 1630 habenda
562 1572 631 1642 est,
665 1563 794 1628 iontem
822 1584 917 1628 auum
945 1562 1085 1629 haberet
1112 1565 1149 1629 in
1264 1618 1265 1621 ,

165 1675 334 1762 frequenti
352 1695 444 1741 neru-
458 1693 637 1739 nervorum
655 1673 955 1760 Vitaeorganicae
974 1693 1053 1738 eum
1071 1694 1148 1740 ner-

163 1785 213 1852 vis
230 1783 328 1854 Vitae
350 1782 521 1859 annualis,
545 1781 572 1848 si
586 1781 803 1847 statuendum
820 1792 929 1859 esset,
947 1781 1149 1850 Nenos-Or-

165 1893 308 1982 ganicae
316 1892 414 1961 Vitae
432 1891 480 1956 ita
497 1911 568 1957 esse
586 1891 802 1970 constitutos,
823 1902 862 1958 ut
880 1903 1005 1959 cuncta
1023 1912 1151 1981 organa

167 2003 359 2069 immediate
373 2008 508 2088 petant,
527 2008 561 2066 et
575 2001 868 2096 in‘cunctaramos
884 2003 969 2068 suos
980 1994 1150 2080 emittant,

166 2135 208 2179 ec
234 2113 361 2179 scilicet
381 2112 541 2189 consilio,
570 2112 783 2177 utemnium
808 2110 1149 2199 partium'nutritioni
1271 2194 1276 2205 Α

166 2224 334 2312 praesint,
360 2242 468 2309 aeque
485 2242 617 2300 earum,
642 2221 764 2309 quibus
781 2222 972 2288 functiones
994 2222 1153 2289 animales

168 2341 389 2422 peraguntur,
409 2332 613 2411 scillarum,
630 2353 720 2421 quae
739 2334 906 2420 organicis
923 2312 1151 2400 functionibus

167 2444 304 2531 proprie
324 2451 400 2508 sunt
419 2443 615 2509 destinatae.
648 2443 758 2526 Quam
782 2441 827 2508 ob
845 2465 980 2511 causam
1002 2454 1075 2510 tota
1093 2444 1152 2508 illa

167 2575 345 2620 nervorum
360 2553 550 2619 distributio
570 2553 663 2618 haud
677 2555 859 2632 sufficeret,
882 2555 926 2619 ad
943 2553 1153 2620 harmoniam

166 2663 260 2728 illam
292 2663 583 2731 constituendam?
626 2663 662 2728 Si
694 2664 782 2728 enim
810 2664 968 2750 princeps
1000 2664 1151 2750 organici
1270 2672 1272 2680 “

121 2772 122 2775 ’
168 2795 348 2840 nervorum
369 2772 552 2859 systematis
570 2793 665 2859 pars,
689 2773 718 2838 si
745 2772 911 2860 Ganglion
931 2791 1051 2858 nempe
1073 2792 1153 2838 coc·
1235 2820 1237 2823 -

169 2884 295 2950 liacum
313 2882 505 2949 valetudine
525 2872 673 2948 secunda
691 2882 871 2970 gauderet,
895 2882 975 2947 inde
994 2880 1152 2947 facillime

168 3001 369 3081 sequeretur.
400 3013 550 3080 organa,
585 3013 675 3080 quae
702 2993 747 3058 ab
774 2992 841 3058 hoc
871 2993 1007 3080 ganglio
1035 3013 1154 3058 nervos

169 3125 248 3180 suos
274 3104 465 3190 accipiunt,
490 3124 571 3169 sana
594 3124 740 3191 <quoque
770 3124 853 3182 esse,
882 3104 947 3168 nisi
970 3103 1037 3168 alio
1065 3123 1153 3190 quo·

170 3213 508 3299 dam'impedimento
529 3213 678 3300 ipsorum
698 3213 828 3278 functio
850 3213 940 3279 laesa
966 3221 1069 3292 esset3
1101 3212 1154 3276 ni·

171 3322 220 3389 hit
245 3344 324 3388 sane
344 3324 530 3402 interesset,
556 3334 667 3390 utrum
690 3345 815 3412 organa
834 3324 892 3388 illa
911 3326 1012 3412 longe
1031 3343 1052 3387 a
1070 3343 1152 3410 gan-

170 3433 240 3521 glio
259 3431 429 3512 abessent,
455 3453 500 3498 an
516 3434 581 3519 ipsi
604 3455 713 3521 prope
734 3433 949 3522 adjacerent3
981 3455 1002 3498 a
1030 3433 1155 3521 ganglii

170 3543 367 3610 conditione
408 3544 559 3630 quodam
594 3544 696 3609 modo
735 3545 850 3610 omnes
885 3544 978 3611 nervi
1004 3541 1156 3631 organici
1184 3613 1186 3616 ,

173 3652 417 3739 dependerent3
450 3653 476 3718 si
497 3654 581 3718 illud
604 3652 724 3719 morbo
750 3655 956 3731 afficeretur,
980 3652 1048 3738 ipsi⁴
1062 3650 1156 3716 nervi

174 3771 397 3850 aegrotarent.
431 3763 541 3829 Facile
561 3765 648 3839 enim
669 3764 924 3851 intelligeretur,
951 3780 1064 3825 omnes
1078 3778 1155 3822 cor·

172 3872 265 3960 poris
288 3882 418 3959 partes,
453 3895 540 3961 quae
568 3875 637 3940 sine
665 3874 774 3940 nervis
792 3895 835 3939 ne
858 3868 999 3959 cogitari
1019 3867 1157 3956 quidem

173 3983 322 4068 possint,
357 3984 493 4054 omnino
523 3982 565 4049 ab
592 3984 656 4068 illis
683 3984 792 4052 nervis
822 3980 1030 4069 dependere,
1064 3978 1155 4063 ipso·
