2596 4718
625 372 672 436 Μ

163 564 246 629 nitro
269 561 443 648 iivmnu.
487 555 612 641 Cupitis
637 554 816 631 retractio,
849 575 919 642 qur
943 544 1150 634 ments

164 680 260 736 motu
269 668 418 733 dolorem
426 664 570 752 effugere
578 673 759 740 conantur,
774 663 902 729 doloris
909 685 1049 753 quoque
1059 669 1146 735 ntis
1173 734 1178 739 ,

166 788 293 845 eertum
308 777 436 862 siguum
453 783 517 850 ost,
541 773 629 837 licet·
640 794 711 837 uon
726 793 855 856 semper
868 772 1072 841 observetur.
1096 800 1100 809 ·

206 887 260 953 11:
297 888 455 950 Im'tata
469 885 589 948 radice
600 885 755 970 quadam
768 885 948 947 animm
964 906 1028 949 ceu
1042 883 1145 972 iuss*

166 1002 278 1075 nere,
300 994 451 1081 quamvis
468 993 586 1080 exigua
602 993 702 1057 fucrit
717 993 881 1070 irritatio,
899 1013 1027 1078 semper
1042 1015 1144 1059 m·

165 1104 405 1187 euliuonnulli
421 1103 641 1188 posteriorum
661 1103 904 1167 extremitatum
921 1103 1126 1170 rimant.

208 1216 272 1281 111.
318 1216 488 1281 Persecta
503 1215 629 1301 alt‘qm
646 1215 767 1279 radice
784 1216 984 1299 postenbre
1000 1214 1061 1279 vel
1078 1237 1142 1280 ess.

161 1327 324 1413 periore,
346 1322 509 1398 ,dolorem
536 1322 660 1386 animal
687 1321 861 1408 percipere
890 1325 1035 1408 saepius
1060 1344 1143 1409 per-

166 1434 318 1519 spicuum
344 1431 427 1511 luit,
466 1431 563 1496 nullo
591 1440 703 1495 autem
728 1431 832 1494 modo
860 1434 976 1496 motis
989 1421 994 1430 ’
1007 1433 1138 1519 agna,

79 1544 84 1554 '
167 1563 214 1606 rte
232 1542 365 1629 ert'gua
383 1541 540 1626 quidem,
559 1539 678 1621 exinde
696 1549 771 1604 orta
792 1548 879 1604 mut.
922 1538 1059 1605 Irritatu
1077 1541 1140 1606 sb-

167 1650 256 1716 scissi
271 1650 362 1716 nervi
380 1649 585 1714 extremitate
598 1649 772 1726 inferiore,
788 1646 1016 1735 nequemotus
1025 1670 1140 1738 neque

167 1758 278 1826 sensis
294 1759 388 1847 signa
405 1759 518 1843 palam
538 1778 606 1822 sese
625 1757 787 1823 fecerunt.
915 1844 917 1851 y
1073 1758 1078 1765 “

208 1869 268 1939 Ν.
313 1871 484 1936 Persecta
505 1870 625 1934 radice
643 1865 817 1953 inferiore
835 1871 910 1933 sive
935 1872 1137 1952 aarum,

167 1977 229 2043 sub
257 1978 330 2063 ipsu
365 1978 512 2041 sectione
547 1997 684 2063 semper
717 1977 933 2041 vibrationes
963 1981 1142 2064 quaedam

167 2086 385 2152 musculares
415 2085 452 2149 in
476 2084 736 2149 extremitatibus
757 2085 992 2170 posterioribus
1022 2086 1139 2154 obser·

166 2194 349 2271 rabuntur,
378 2212 551 2280 nunquam
579 2213 658 2260 vero
677 2193 803 2258 doloris
822 2194 926 2280 signa.
969 2194 1050 2261 Post
1070 2198 1138 2264 dis-

168 2304 347 2369 sectionem
363 2301 532 2380 radicum,
550 2303 575 2367 si
592 2302 808 2366 irritabantur
823 2303 968 2388 ipsumm
982 2308 1140 2372 extremi.

169 2422 255 2478 tates
269 2413 454 2491 inferiores,
478 2410 597 2476 eadem
608 2410 838 2496 phaenomena
852 2412 1129 2483 observabantm.

210 2521 300 2586 llaec
321 2531 467 2608 quatuor
484 2521 706 2608 experimenta
733 2521 860 2586 iteratis
882 2522 1032 2616 instituta
1062 2537 1142 2593 sunt

166 2630 303 2698 vicibus.
686 2628 693 2637 ’
742 2662 745 2668 ·
865 2648 871 2660 ·

210 2741 250 2810 V.
300 2741 467 2808 Omnibus
484 2741 663 2807 radicibus
672 2742 933 2829 posterioribus
944 2746 1021 2810 seire
1032 2767 1142 2834 supe,

166 2851 512 2936 rion'buepersectis,
531 2850 650 2914 illaesis
669 2850 905 2928 anterioribus,
928 2856 1043 2929 moitis
1060 2860 1140 2944 sig,

113 2997 117 3005 ·
163 2981 214 3023 nc
229 2980 410 3045 nunquam
430 2959 656 3025 animadversa
676 2969 766 3037 sunt,
794 2961 916 3025 animal
928 2983 1008 3027 vero
1025 2982 1044 3026 e
1064 2965 1139 3031 vin,

164 3066 247 3131 culis
263 3068 405 3131 solutum
421 3087 528 3154 aeque
542 3068 700 3134 vivaciter
720 3069 940 3152 circumsilit,
960 3091 1002 3134 ac
1016 3071 1045 3136 si
1059 3076 1139 3139 uul-

161 3175 196 3239 lo
214 3176 317 3240 modo
338 3174 463 3240 lae'sum
482 3175 604 3242 fuisset.
701 3227 704 3234 .

203 3283 261 3352 Vl.
306 3285 484 3350 Persectis
506 3275 662 3351 omnibus
684 3288 862 3353 radicibus
891 3272 1137 3358 cntcn'oribus

32 3452 34 3456 ,
159 3394 233 3457 sive
256 3390 506 3477 inferioribus,
544 3396 663 3459 illaesis
695 3397 846 3461 omnibus
874 3397 1136 3482 posterioribus,

161 3499 222 3563 sub
240 3501 312 3585 ipsa
334 3502 478 3567 sectione
496 3503 704 3570 vehementer
721 3508 874 3571 musculi
887 3506 1137 3575 extremitatum

159 3611 377 3694 posteriorum
397 3614 599 3695 vibrarent,
630 3617 734 3680 omnis
755 3637 834 3683 vero
849 3615 1004 3689 morendi
1023 3617 1137 3684 tacut,
1165 3644 1170 3651 ·

159 3727 210 3783 tas
227 3732 343 3805 postea
366 3722 400 3786 in
420 3722 470 3789 his
491 3727 645 3791 musculis
664 3727 836 3812 deperdita
860 3728 941 3804 tuit,
965 3727 1135 3818 nulloque

88 3816 93 3833 ’
159 3829 260 3909 modo
281 3833 488 3911 revocanda,
515 3835 577 3900 nisi
602 3835 786 3902 irritatione
808 3816 1051 3902 extremitatum
1078 3839 1134 3905 iu.

156 3935 311 4012 seriorum
333 3940 548 4012 abscissurum
567 3965 752 4021 nervorum.
804 3947 876 4013 lmo
902 3945 928 4013 si
948 3945 1056 4031 ipsum
1078 3958 1132 4025 ul-
