2596 4718
577 420 763 527 ‘ro'

176 630 253 681 vero
274 610 405 675 tandem
425 631 484 693 per
503 609 722 692 experimenta
745 580 845 673 cuivis
866 613 955 697 regia
973 616 1143 698 patefacta

176 722 228 785 via
251 730 307 784 est.

216 830 370 915 Anglicus
390 828 444 892 ille
462 826 706 902 celeberrimus,
732 837 876 891 canotus
898 827 1045 909 cataras}
1071 822 1145 919 pri-⁸

94 988 99 996 .
173 960 244 1002 mus
263 939 338 1013 fuit,
364 937 422 1023 qui
441 937 552 1000 locum
570 934 743 1010 indicavit,
769 956 838 1021 quo
857 936 944 1004 hanc
963 962 1140 1008 nervorum

173 1048 332 1126 diversam
362 1055 515 1110 naturam
539 1044 717 1128 praecipue
742 1044 914 1111 ohservare
937 1049 1035 1126 licet,
1069 1073 1140 1138 quo

172 1157 296 1221 scilicet
318 1154 435 1236 diversi
453 1153 501 1216 illi
520 1153 611 1217 nervi
632 1152 781 1216 nondum
796 1153 907 1239 juncti
929 1157 1007 1234 sint,
1033 1158 1080 1222 ita
1103 1171 1139 1224 ut

170 1264 404 1349 proprietates,
430 1283 516 1346 quae
534 1261 611 1325 dein
627 1262 661 1324 in
680 1261 779 1325 unico
801 1283 902 1328 nervo
923 1265 1140 1331 observantur

103 1375 104 1378 ’
169 1375 204 1436 in
221 1371 350 1436 duobus
368 1369 477 1436 adhuc
496 1371 603 1435 nervis
622 1381 793 1456 separatae
810 1373 891 1448 sint,
916 1382 952 1437 ut
972 1374 1054 1438 alter
1061 1395 1138 1440 ner·

137 1552 140 1559 ,
167 1504 227 1546 vus
242 1482 401 1564 sentiendi
418 1492 545 1545 tantum
564 1482 765 1567 proprietate
780 1483 939 1568 gaudeat,
965 1484 1048 1549 alter
1064 1507 1138 1551 mo·

168 1580 266 1656 uendi
277 1591 434 1655 facultate
448 1590 616 1675 praeditus
626 1589 685 1652 sit:
710 1590 858 1654 Sensum
876 1595 914 1654 t'n
927 1591 1138 1678 posteriori·
1170 1588 1174 1600 ’

47 1769 51 1776 ,
81 1748 94 1777 ,.
168 1701 418 1764 basMedullae
436 1698 596 1785 Spinalt’s
615 1720 799 1762 neruoram
817 1701 993 1774 radicibus
1014 1701 1137 1781 haere·

101 1847 127 1868 ψ
166 1832 225 1875 re:
260 1808 454 1874 Am'malem
473 1808 609 1872 Motum
625 1809 781 1894 pendere
804 1809 1121 1876 connumerales.

207 1919 399 2004 Ingeniosae
408 1918 494 1981 illius
505 1939 614 1981 annun
628 1916 805 1980 sententiae
815 1917 986 1982 veritatem
993 1917 1139 1985 indubiis

165 2027 362 2113 argumentis
379 2025 523 2089 stabilire
542 2035 680 2090 conatus
702 2036 749 2089 est
761 2025 995 2090 Celeberrimus
1005 2049 1151 2095 uacua-¹

152 2156 249 2212 orus,
274 2135 333 2221 qui
351 2134 447 2219 plura
469 2132 607 2210 instituit
630 2117 875 2218 experimenta‚'
890 2136 953 2221 ipsi
970 2158 1038 2201 rem
1055 2159 1137 2222 pro-

159 2244 273 2308 bantia
299 2254 399 2328 atque
425 2243 590 2306 nonnullis
615 2243 704 2321 aliis3
736 2263 805 2307 non
827 2265 906 2309 vero
932 2265 1044 2310 omnes
1064 2268 1136 2311 rem

45 2406 47 2411 .
162 2373 350 2438 persuasam
371 2351 432 2414 sibi
453 2349 502 2415 his
524 2352 751 2436 experimentis
772 2339 927 2417 liabuere.

205 2462 283 2525 Post
311 2461 359 2526 Cl.
392 2482 603 2536 manamaur,
637 2481 699 2546 pro
732 2461 779 2524 rei
812 2473 998 2540 momento,
1032 2467 1138 2549 pauci

164 2571 393 2636 tantummodo
424 2591 497 2634 eam
526 2580 728 2645 tractarunt,
762 2581 795 2633 et
822 2572 882 2656 qui
906 2572 941 2636 in
964 2572 1038 2657 ipsa·
1062 2595 1138 2640 ver·

160 2681 221 2745 sati
241 2664 332 2757 sunt,
357 2701 426 2744 non
444 2700 556 2743 omnes
574 2679 618 2743 ad
638 2679 768 2743 easdem
785 2679 939 2764 perducti
957 2691 1031 2745 suut
1052 2703 1137 2748 eon·

160 2791 337 2869 clusiones‚
369 2811 433 2854 neo
454 2790 477 2852 ii
500 2789 559 2875 qui
585 2808 755 2854 uncunmo
779 2790 898 2853 assensi
920 2799 1011 2866 sunt,
1045 2791 1137 2856 diffi-

159 2899 243 2969 cilia,
254 2908 354 2984 atque
376 2897 575 2983 decipientia
592 2897 693 2982 ipsius
705 2898 943 2983 experimenta,
960 2898 1134 2978 faciliora,
1154 2966 1158 2973 ,

158 3006 357 3092 simpliciora
377 2988 478 3092 atque
497 3005 604 3070 minus
624 3006 758 3071 fallacia
777 3007 916 3072 reddere
939 3018 1147 3092 potuerunt..

157 3116 229 3179 Hoc
244 3135 322 3180 vero
342 3115 476 3179 tandem
493 3116 631 3202 contigit
643 3116 831 3184 clarissimis
846 3138 964 3196 solnm
977 3139 1136 3184 uunanno

129 3289 131 3293 Α
159 3235 260 3310 atque
286 3221 461 3301 minznan,¹
494 3227 554 3311 qui
582 3227 617 3290 in
643 3226 732 3290 ranis
756 3227 977 3333 experimenta
998 3226 1057 3290 tali
1078 3249 1134 3292 ra-

157 3332 246 3396 tione
270 3333 497 3413 instituerunt,
527 3335 566 3396 ut
588 3334 686 3398 facile
714 3335 757 3399 ab
779 3355 1000 3422 unoquoque,
1024 3338 1137 3402 minus

155 3451 290 3527 experto
308 3441 399 3505 haud
418 3453 572 3528 excepto,
597 3444 707 3528 repeti
722 3444 864 3509 valeant.

137 3618 139 3623 ¹
199 3550 332 3614 Praeter
358 3573 506 3647 animun?
528 3552 593 3639 (1),
619 3552 743 3617 hocin
769 3554 962 3639 argumento
985 3555 1130 3620 notabili

156 3727 501 3743 m

178 3821 223 3893 (l)
243 3823 342 3890 Banu,
361 3821 429 3879 Idea
447 3785 508 3877 of‘a
524 3840 587 3878 new
601 3821 739 3900 Anatomy
755 3823 787 3880 ol
801 3823 850 3879 the
867 3823 960 3892 braio,
981 3822 1136 3879 submitted

244 3910 286 3966 for
308 3909 356 3968 the
375 3911 513 3968 observat.
534 3910 567 3967 of
582 3910 626 3966 his
645 3910 758 3970 friends⁴
777 3911 895 3967 London
915 3909 993 3968 1809.
1032 3912 1128 3979 Banu,

109 4047 114 4052 .
241 4000 274 4056 In
297 3999 458 4076 Philosoph.
478 4003 620 4057 Transact.
645 3997 711 4055 1821
733 4012 761 4055 et
781 3997 858 4057 1822.
897 4002 994 4071 Banu,
1016 4002 1061 4057 An
1080 4018 1149 4076 ex-¹
