2596 4718
671 183 673 190 .
710 141 720 176 x
825 124 827 129 A

642 347 684 412 73

225 525 423 613 Sanguinis
444 524 642 613 jacturam·
659 532 708 588 sat
737 541 998 611 magnamesse,
1026 528 1139 616 negari

156 633 234 698 'vix
263 620 387 719 potest,
420 631 668 720 haemorrhagia
686 653 764 704 aero
784 633 851 701 tere
866 654 1037 721 nunquam
1054 636 1141 724 ejus·

170 742 274 833 modi
297 753 362 820 est,
392 752 429 806 ut
449 742 705 832 experimentum
723 742 891 828 impediat.
937 743 1049 809 Ranae
1066 757 1141 830 post

183 862 332 936 apertum
349 850 512 915 medullae
530 850 662 935 spinalis
680 852 830 936 canalem
842 874 902 938 per
915 851 1031 917 horam
1041 874 1141 919 unam
1173 840 1176 852 ’

178 970 210 1024 et
237 961 323 1024 ultra
340 961 543 1025 ¹naturaliter
572 936 782 1026 eireumsilire
806 983 931 1048 perque
952 963 1062 1048 plures
1080 960 1141 1028 ho·

178 1087 232 1133 ras
252 1070 354 1134 vitam
374 1069 583 1155 protrahere,
609 1062 735 1155 saepius
754 1070 844 1135 vidi,
872 1071 874 1074 ’

223 1177 410 1264 Numquam
442 1179 663 1264 opisthotono
692 1199 806 1257 ranas,
841 1179 949 1243 eanali
976 1179 1140 1245 medullae

178 1286 311 1372 spinalis
341 1298 473 1373 aperto,
507 1299 677 1374 correptas
696 1278 881 1366 observavi,
906 1288 968 1353 nisi
990 1289 1059 1373 ipse
1077 1289 1139 1353 im·

173 1396 368 1481 prudenter,
391 1397 527 1462 admoto
545 1398 676 1462 stimulo
687 1445 702 1485 ,Ι
718 1394 954 1483 opisthotonon
970 1397 1136 1483 produxe·

175 1504 247 1568 rim.
270 1539 315 1552 -
342 1505 424 1572 Cum
443 1509 666 1571 aetomotr'o'r's
686 1506 833 1569 motibus
848 1505 981 1569 minime
1001 1525 1136 1590 eompa-

174 1614 271 1676 randi
300 1625 374 1679 aunt
399 1615 465 1691 illi,
499 1616 576 1700 qui,
609 1615 843 1700 posterioribus
866 1613 1000 1678 irritatis
1016 1613 1139 1678 radici·

173 1721 252 1798 bus,
287 1721 519 1799 observantur,
552 1723 614 1786 nisi
633 1724 696 1808 ipsi
715 1724 833 1804 saltus,
859 1742 944 1808 quos
961 1742 1043 1786 rana
1062 1732 1138 1806 post

173 1832 375 1894 denudatam
413 1831 604 1896 medullam,
626 1831 783 1908 instituit,
815 1831 915 1895 etiam
945 1829 1137 1895 automatici
1187 1899 1188 1903 ,
1259 1902 1263 1907 ⁴

167 1940 236 2003 sint
264 1940 407 2005 dicendi.
446 1920 589 2005 'nanum
618 1950 806 2026 praeterea,
839 1950 1018 2026 postquam
1041 1939 1140 2024 plura

172 2049 391 2133 experimenta
417 2049 451 2111 in
466 2049 688 2134 ,posteriorem
710 2049 775 2115 sive
801 2047 989 2112 inferiorem
1009 2045 1136 2111 medul-

168 2155 221 2220 lae
245 2158 378 2241 spinalis
394 2168 543 2242 partem,
565 2156 747 2245 (regionem
768 2153 974 2242 condolere),
993 2155 1068 2242 jam
1084 2151 1136 2218 in*-

170 2266 282 2330 stituta
308 2276 404 2344 sunt',
421 2267 457 2330 in
474 2268 637 2335 anteriore
658 2267 723 2332 sive
742 2267 908 2352 superiore
926 2276 1041 2351 parte,
1068 2263 1132 2351 (re-
1156 2267 1158 2271 ’

130 2459 134 2466 η
167 2375 265 2460 gione
288 2374 473 2463 cervicali),
498 2398 594 2440 sensu
612 2376 763 2441 nondum
783 2395 913 2452 carere,
939 2374 1037 2439 facile
1058 2394 1136 2458 per·

168 2503 297 2548 suasum
323 2483 384 2547 sibi
409 2484 548 2549 reddere
578 2475 725 2570 quisque
743 2494 871 2569 potest,
913 2484 1135 2568 sisupremae
1205 2519 1207 2524 η
1238 2495 1240 2498 ’

167 2593 331 2657 medullae
351 2572 430 2657 aeus
449 2594 662 2672 immittatur3
687 2612 756 2678 quo
774 2592 865 2656 laeto
883 2612 981 2657 sonus
998 2590 1043 2654 ab
1062 2590 1157 2681 ani-⁸

167 2703 246 2764 mali
277 2701 386 2766 editur
405 2703 505 2768 valde
528 2701 662 2778 flebilis,
687 2702 836 2787 qualem,
868 2701 916 2764 uti
944 2693 1042 2784 supia
1061 2693 1145 2762 mo?

166 2810 296 2874 nuimus
317 2809 384 2898 (l),
409 2811 574 2876 interdum
592 2810 631 2888 in
638 2808 827 2897 junioribus
844 2809 932 2896 ranis
950 2805 1129 2882 observavi,

165 2919 225 2982 ubi
241 2921 437 3005 posteriores
457 2921 586 2985 radices
597 2941 780 2986 nervorum
799 2919 979 2982 irritantur.
991 2952 1035 2963 -
1052 2915 1131 2982 Sae-

122 3003 130 3019 ⁸
163 3030 238 3114 pius
265 3030 401 3115 quidem
426 3042 459 3095 et
480 3032 542 3116 ipsi
561 3040 669 3094 motus
688 3029 783 3098 Vitae
805 3015 980 3102 Animalia,
1015 3044 1132 3089 secun-
1228 3065 1230 3069 -

164 3136 244 3201 dum
271 3139 417 3223 ipsorum
447 3150 600 3205 naturam
628 3137 821 3203 automatiei
851 3129 1129 3209 diei'merentur,

162 3257 196 3310 et
212 3246 279 3312 hue
294 3249 394 3313 etiam
411 3249 459 3313 illi
480 3250 664 3335 pertinent,
689 3269 773 3335 quos
791 3247 945 3311 animalia
959 3244 1028 3310 sine
1048 3264 1130 3308 eon·

167 3357 318 3436 seientia,
343 3359 411 3423 sine
428 3360 617 3436 voluntate,
644 3359 687 3424 ad
709 3356 927 3424 amovendum
945 3353 1125 3429 stimulum,

160 3465 334 3533 instituunt
364 3467 426 3555 (2).
480 3468 592 3534 Omnis
627 3469 713 3534 enim
745 3454 871 3544 motus,
916 3466 974 3553 qui
1004 3463 1128 3548 absque
1230 3469 1234 3478 '

152 3682 524 3703 muna—...-

189 3827 230 3895 (l)
246 3826 316 3881 vid.
334 3848 413 3900 snpra
429 3853 487 3904 pag.
507 3836 550 3888 23.

188 3911 230 3983 (2)
251 3910 315 3965 Vid.
334 3933 410 3984 supra
428 3936 485 3986 pag.
503 3922 554 3986 64,
581 3922 626 3974 ubi
647 3920 832 3975 defunctione
856 3915 958 3973 oerebri
978 3929 1062 3968 sermo
1081 3913 1149 3962 est'
1184 3906 1190 3918 ’
1248 3987 1251 3990 y
