2596 4718
523 332 548 453 s
602 372 666 479 Ι149

129 577 237 638 ιιιιιιιι
265 575 382 620 arenae
412 552 641 642 labiisuaeque
670 548 821 615 distincte
841 550 1045 633 exploratur,
1078 573 1116 618 ao

162 664 309 751 apicibus
337 661 529 748 digitorum3
564 658 645 744 quin
672 659 772 722 immo
798 657 886 751 labia
907 678 958 722 res
981 661 1121 728 minutas

160 792 229 836 non
246 769 347 835 modo
368 767 522 854 amplecti
541 776 573 830 et
592 766 762 851 explorare
774 775 934 850 possunt,
947 765 1004 830 sed
1023 768 1121 849 etiam

151 864 310 943 'attollere
329 886 362 942 et
383 877 519 942 elevare.
542 909 585 920 -
608 872 783 938 Contendit
803 872 1036 955 Celeberrimus
1059 896 1121 939 no-

161 1007 320 1052 nosrmos
343 982 411 1073 (l),
443 983 531 1047 labia
562 992 594 1046 et
621 1003 720 1068 genas
747 982 952 1047 solummodo
977 985 1125 1069 eorporis

161 1082 335 1182 eujusdam
365 1093 490 1157 admoti
519 1099 791 1177 temperaturam,
821 1102 854 1155 et
879 1091 922 1156 de
952 1092 1123 1176 superficie

164 1202 327 1269 tantillum
352 1201 479 1290 sentire.
517 1192 575 1263 ¹llle
596 1219 674 1264 vero
693 1185 809 1287 judice
830 1221 899 1265 non
915 1200 1017 1264 modo
1036 1201 1124 1265 labia

162 1307 228 1375 lroe
254 1308 380 1384 faciunt
407 1319 440 1373 et
464 1328 583 1395 genae,
617 1307 674 1371 sed
700 1307 799 1371 etiam
815 1316 885 1371 tota
906 1308 1054 1393 eorporis
1072 1330 1127 1372 su-

162 1416 330 1503 perficies,
365 1417 391 1480 si
419 1417 504 1505 pilos
530 1416 562 1480 e't
588 1435 712 1500 ungues
738 1408 898 1508 excipias,
938 1417 1029 1479 nulla
1059 1437 1128 1481 non

163 1516 407 1611 corporisfipars
424 1506 579 1593 nertiores
598 1542 659 1586 nos
676 1522 756 1587 facit
770 1522 820 1594 ¹de
837 1544 946 1587 rerum
964 1535 1125 1610 tempera*

161 1640 250 1706 ptura.
272 1668 317 1680 -
347 1618 402 1697 'sio
429 1630 528 1696 etiam
556 1650 668 1695 omnes
694 1631 761 1694 fere
781 1633 930 1716 eorporis
948 1643 1076 1718 partes,
1101 1635 1127 1697 si

162 1739 285 1827 eorpus
302 1738 474 1824 quoddam
492 1739 540 1813 iis,
551 1737 779 1829 admoueatur‚
801 1738 970 1829 percipere
980 1739 1125 1815 faciunt,

165 1858 276 1912 utrum
296 1842 519 1931 cor-pusillud
539 1846 579 1909 sit
598 1854 749 1922 acutum,
783 1866 826 1909 an
852 1866 930 1911 vero
956 1846 1124 1923 obtusum,

106 2026 111 2032 ‚
165 1976 244 2019 num
261 1956 369 2029 laeve,
394 1973 438 2018 an
459 1952 569 2038 potius
591 1973 752 2039 asperum.
997 1944 999 1948 ’

208 2063 308 2150 Digiti
334 2072 444 2126 autem
461 2083 531 2128 non
549 2061 626 2126 ideo
645 2083 707 2146 pro
731 2060 839 2149 tactds
857 2082 982 2149 organo
1003 2061 1128 2128 haben·

166 2171 202 2236 di
222 2181 312 2248 sunt,
337 2172 496 2256 quoniam
512 2171 602 2236 nervi
622 2170 800 2257 digitorum
817 2171 1005 2255 specificam
1023 2193 1129 2258 quan·

167 2280 245 2344 dem
263 2278 456 2345 lacultdtem
477 2300 558 2365 prae
578 2278 649 2343 aliis
667 2280 773 2344 nervis
788 2277 897 2344 sensds
911 2281 1026 2345 tertiae
1045 2281 1129 2346 elas-

167 2388 209 2452 sis
224 2386 415 2472 possident,
443 2386 534 2475 (nam
553 2388 652 2453 talem
676 2388 872 2476 singularem
891 2399 1044 2453 naturam
1060 2409 1130 2453 non

167 2492 324 2582 habent);
357 2494 415 2559 sed
448 2496 620 2582 quoniam⁴
649 2495 742 2583 digiti
779 2516 936 2560 manuum
971 2508 1002 2562 et
1042 2508 1130 2575 artus

169 2604 353 2691 superiores
389 2603 546 2688 singulari
584 2603 708 2680 forms,
753 2603 859 2689 elque
888 2603 951 2667 'ad
993 2615 1130 2690 tangen-

168 2702 247 2774 dum
283 2709 467 2795 aptissime,
504 2730 522 2774 a
553 2731 662 2774 rerum
690 2703 843 2776 Creatore
869 2722 943 2775 sunt
969 2711 1130 2776 instructi.

168 2818 252 2882 llam
273 2817 423 2882 omnibus
442 2809 510 2882 lere
528 2819 634 2884 nervis
654 2817 763 2883 sensrls
782 2818 946 2884 secundae
966 2829 999 2883 et
1018 2821 1132 2884 tertiae
1206 2823 1208 2827 ’

169 2927 297 3002 classis,
332 2935 439 2991 taetus
461 2926 604 2991 exerceri
627 2910 754 3011 posset,
781 2914 811 2991 si
825 2909 929 2991 forma
952 2938 1131 2993 structura·

169 3056 236 3122 que
261 3033 406 3119 partium
430 3029 597 3120 eorporis,
624 3036 668 3100 ad
689 3057 772 3123 quas
793 3036 947 3113 tendunt,
971 3036 1133 3123 ejusmodi
1192 3080 1198 3089 x

169 3150 294 3220 essent,
335 3150 372 3206 ut
404 3145 578 3209 commode
610 3143 654 3208 ad
681 3144 815 3238 objecta
839 3145 1042 3229 exploranda
1072 3165 1130 3228 ap·

168 3250 288 3336 plicari
308 3262 458 3340 possent,
494 3253 543 3316 uti
573 3253 750 3340 digitorum
777 3255 888 3338 apices
915 3254 1042 3341 egregie
1061 3263 1136 3317 sunt
1209 3305 1212 3310 .

173 3369 392 3425 constructae.
415 3373 460 3406 -’-
489 3346 675 3449 Digitorum
688 3383 766 3428 vero
783 3348 914 3456 papillis
931 3385 1002 3427 non
1018 3384 1057 3427 ea
1076 3363 1132 3426 tri·

170 3466 303 3532 bueuda
329 3478 376 3534 est
404 3468 560 3555 dignitas,
592 3493 693 3557 quam
718 3472 795 3559 ipsis
821 3493 918 3558 saepe
937 3471 1153 3558 adscripsere·

174 3575 344 3669 ductores.
390 3577 473 3643 Nam
499 3601 568 3644 non
592 3582 799 3646 solummodo
823 3583 934 3669 apices
959 3581 1137 3667 digitorum

189 3776 537 3804 Μ

135 3881 138 3884 ·
197 3918 251 3989 (l)
272 3916 647 3982 Rumara11.e.prg.-8t.
667 3913 737 3968 Nola
757 3916 831 3965 1...
877 3926 882 3935 “
