<?xml version="1.0" encoding="UTF-8"?>
<!DOCTYPE html PUBLIC "-//W3C//DTD XHTML 1.0 Transitional//EN"
    "http://www.w3.org/TR/xhtml1/DTD/xhtml1-transitional.dtd">
<html xmlns="http://www.w3.org/1999/xhtml" xml:lang="en" lang="en">
 <head>
  <title>
</title>
<meta http-equiv="Content-Type" content="text/html;charset=utf-8" />
  <meta name='ocr-system' content='tesseract 3.04.00' />
  <meta name='ocr-capabilities' content='ocr_page ocr_carea ocr_par ocr_line ocrx_word'/>
</head>
<body>
  <div class='ocr_page' id='page_1' title='image "./disquisitiophys00deengoog_0191.png"; bbox 0 0 2596 4718; ppageno 0'>
   <div class='ocr_carea' id='block_1_1' title="bbox 615 384 747 454">
    <p class='ocr_par' dir='ltr' id='par_1_1' title="bbox 615 384 747 454">
     <span class='ocr_line' id='line_1_1' title="bbox 615 384 747 454; baseline 0.015 -3"><span class='ocrx_word' id='word_1_1' title='bbox 615 388 678 454; x_wconf 77' lang='lat'><strong>17³</strong></span> <span class='ocrx_word' id='word_1_2' title='bbox 743 384 747 392; x_wconf 73' lang='grc'><em>“</em></span> 
     </span>
    </p>
   </div>
   <div class='ocr_carea' id='block_1_2' title="bbox 159 565 1203 2616">
    <p class='ocr_par' dir='ltr' id='par_1_2' title="bbox 161 565 1166 1855">
     <span class='ocr_line' id='line_1_2' title="bbox 166 565 1138 654; baseline 0.002 -23"><span class='ocrx_word' id='word_1_3' title='bbox 166 570 276 654; x_wconf 84' lang='lat' dir='ltr'><strong>plures</strong></span> <span class='ocrx_word' id='word_1_4' title='bbox 295 566 469 652; x_wconf 84' lang='lat' dir='ltr'><strong>enoephali</strong></span> <span class='ocrx_word' id='word_1_5' title='bbox 487 574 519 629; x_wconf 87' lang='lat' dir='ltr'><strong>et</strong></span> <span class='ocrx_word' id='word_1_6' title='bbox 538 565 702 631; x_wconf 82' lang='lat' dir='ltr'><strong>Medullae</strong></span> <span class='ocrx_word' id='word_1_7' title='bbox 722 566 857 650; x_wconf 86' lang='lat' dir='ltr'><strong>spinalis</strong></span> <span class='ocrx_word' id='word_1_8' title='bbox 874 566 1026 650; x_wconf 75' lang='lat' dir='ltr'><strong>atrophia</strong></span> <span class='ocrx_word' id='word_1_9' title='bbox 1042 568 1138 634; x_wconf 85' lang='lat' dir='ltr'><strong>luisse</strong></span> 
     </span>
     <span class='ocr_line' id='line_1_3' title="bbox 168 674 1137 764; baseline 0.003 -25"><span class='ocrx_word' id='word_1_10' title='bbox 168 678 333 753; x_wconf 79' lang='lat' dir='ltr'><strong>adfectos,</strong></span> <span class='ocrx_word' id='word_1_11' title='bbox 360 677 440 739; x_wconf 93' lang='lat' dir='ltr'><strong>dum</strong></span> <span class='ocrx_word' id='word_1_12' title='bbox 461 674 660 764; x_wconf 84' lang='lat' dir='ltr'><strong>admodum</strong></span> <span class='ocrx_word' id='word_1_13' title='bbox 681 675 830 740; x_wconf 85' lang='lat' dir='ltr'><strong>evolutus</strong></span> <span class='ocrx_word' id='word_1_14' title='bbox 851 685 922 738; x_wconf 90' lang='lat' dir='ltr'><strong>erat</strong></span> <span class='ocrx_word' id='word_1_15' title='bbox 942 676 981 739; x_wconf 88' lang='lat' dir='ltr'><strong>N.</strong></span> <span class='ocrx_word' id='word_1_16' title='bbox 1006 697 1137 762; x_wconf 84' lang='lat' dir='ltr'><strong>sympa-</strong></span> 
     </span>
     <span class='ocr_line' id='line_1_4' title="bbox 166 783 1140 874; baseline 0.001 -25"><span class='ocrx_word' id='word_1_17' title='bbox 166 786 274 853; x_wconf 87' lang='lat' dir='ltr'><strong>thious</strong></span> <span class='ocrx_word' id='word_1_18' title='bbox 293 786 360 874; x_wconf 91' lang='lat' dir='ltr'><strong>(l),</strong></span> <span class='ocrx_word' id='word_1_19' title='bbox 385 804 599 872; x_wconf 83' lang='lat' dir='ltr'><strong>nequaquam</strong></span> <span class='ocrx_word' id='word_1_20' title='bbox 621 783 686 850; x_wconf 92' lang='lat' dir='ltr'><strong>hoo</strong></span> <span class='ocrx_word' id='word_1_21' title='bbox 706 805 798 848; x_wconf 89' lang='lat' dir='ltr'><strong>meae</strong></span> <span class='ocrx_word' id='word_1_22' title='bbox 816 786 859 848; x_wconf 82' lang='lat' dir='ltr'><strong>de</strong></span> <span class='ocrx_word' id='word_1_23' title='bbox 878 793 996 848; x_wconf 81' lang='lat' dir='ltr'><strong>mutuo</strong></span> <span class='ocrx_word' id='word_1_24' title='bbox 1014 808 1140 850; x_wconf 82' lang='lat' dir='ltr'><strong>neruo·</strong></span> 
     </span>
     <span class='ocr_line' id='line_1_5' title="bbox 164 894 1139 981; baseline -0.002 -21"><span class='ocrx_word' id='word_1_25' title='bbox 164 919 242 960; x_wconf 81' lang='lat' dir='ltr'><strong>rum</strong></span> <span class='ocrx_word' id='word_1_26' title='bbox 263 897 399 960; x_wconf 76' lang='lat' dir='ltr'><strong>auxilio</strong></span> <span class='ocrx_word' id='word_1_27' title='bbox 420 895 568 981; x_wconf 88' lang='lat' dir='ltr'><strong>opinioni</strong></span> <span class='ocrx_word' id='word_1_28' title='bbox 588 903 635 958; x_wconf 89' lang='lat' dir='ltr'><strong>est</strong></span> <span class='ocrx_word' id='word_1_29' title='bbox 655 895 869 959; x_wconf 76' lang='lat' dir='ltr'><strong>contrarIum.</strong></span> <span class='ocrx_word' id='word_1_30' title='bbox 915 894 999 958; x_wconf 87' lang='lat' dir='ltr'><strong>Nam</strong></span> <span class='ocrx_word' id='word_1_31' title='bbox 1024 916 1139 978; x_wconf 92' lang='lat' dir='ltr'><strong>super-</strong></span> 
     </span>
     <span class='ocr_line' id='line_1_6' title="bbox 163 1002 1166 1089; baseline -0.002 -21"><span class='ocrx_word' id='word_1_32' title='bbox 163 1015 210 1068; x_wconf 90' lang='lat' dir='ltr'><strong>est</strong></span> <span class='ocrx_word' id='word_1_33' title='bbox 246 1014 321 1089; x_wconf 89' lang='lat' dir='ltr'><strong>post</strong></span> <span class='ocrx_word' id='word_1_34' title='bbox 358 1004 448 1068; x_wconf 88' lang='lat' dir='ltr'><strong>illam</strong></span> <span class='ocrx_word' id='word_1_35' title='bbox 485 1005 744 1088; x_wconf 83' lang='lat' dir='ltr'><strong>separationem,</strong></span> <span class='ocrx_word' id='word_1_36' title='bbox 787 1014 937 1067; x_wconf 90' lang='lat' dir='ltr'><strong>mutuum</strong></span> <span class='ocrx_word' id='word_1_37' title='bbox 972 1002 1166 1083; x_wconf 35' lang='lat' dir='ltr'><strong>vinculum,</strong></span> 
     </span>
     <span class='ocr_line' id='line_1_7' title="bbox 163 1111 1138 1200; baseline -0.003 -23"><span class='ocrx_word' id='word_1_38' title='bbox 163 1114 352 1200; x_wconf 86' lang='lat' dir='ltr'><strong>quoddam,</strong></span> <span class='ocrx_word' id='word_1_39' title='bbox 378 1136 418 1178; x_wconf 86' lang='lat' dir='ltr'><strong>ex</strong></span> <span class='ocrx_word' id='word_1_40' title='bbox 439 1135 507 1199; x_wconf 92' lang='lat' dir='ltr'><strong>quo</strong></span> <span class='ocrx_word' id='word_1_41' title='bbox 525 1114 647 1199; x_wconf 88' lang='lat' dir='ltr'><strong>liquet,</strong></span> <span class='ocrx_word' id='word_1_42' title='bbox 669 1134 788 1177; x_wconf 90' lang='lat' dir='ltr'><strong>nervos</strong></span> <span class='ocrx_word' id='word_1_43' title='bbox 806 1113 902 1180; x_wconf 88' lang='lat' dir='ltr'><strong>Vitae</strong></span> <span class='ocrx_word' id='word_1_44' title='bbox 912 1111 1098 1198; x_wconf 84' lang='lat' dir='ltr'><strong>Organioae</strong></span> <span class='ocrx_word' id='word_1_45' title='bbox 1118 1131 1138 1174; x_wconf 88' lang='lat' dir='ltr'><strong>a</strong></span> 
     </span>
     <span class='ocr_line' id='line_1_8' title="bbox 161 1210 1139 1309; baseline -0.003 -20"><span class='ocrx_word' id='word_1_46' title='bbox 161 1226 269 1291; x_wconf 85' lang='lat' dir='ltr'><strong>nervis</strong></span> <span class='ocrx_word' id='word_1_47' title='bbox 285 1210 380 1293; x_wconf 88' lang='lat' dir='ltr'><strong>Vitae</strong></span> <span class='ocrx_word' id='word_1_48' title='bbox 391 1225 546 1290; x_wconf 87' lang='lat' dir='ltr'><strong>Animalis</strong></span> <span class='ocrx_word' id='word_1_49' title='bbox 562 1225 722 1309; x_wconf 88' lang='lat' dir='ltr'><strong>pendere,</strong></span> <span class='ocrx_word' id='word_1_50' title='bbox 744 1234 776 1288; x_wconf 89' lang='lat' dir='ltr'><strong>et</strong></span> <span class='ocrx_word' id='word_1_51' title='bbox 795 1225 868 1289; x_wconf 85' lang='lat' dir='ltr'><strong>vice</strong></span> <span class='ocrx_word' id='word_1_52' title='bbox 886 1245 990 1288; x_wconf 86' lang='lat' dir='ltr'><strong>versa.</strong></span> <span class='ocrx_word' id='word_1_53' title='bbox 1016 1224 1139 1292; x_wconf 90' lang='lat' dir='ltr'><strong>Verum</strong></span> 
     </span>
     <span class='ocr_line' id='line_1_9' title="bbox 164 1332 1138 1418; baseline -0.004 -20"><span class='ocrx_word' id='word_1_54' title='bbox 164 1335 250 1400; x_wconf 88' lang='lat' dir='ltr'><strong>enim</strong></span> <span class='ocrx_word' id='word_1_55' title='bbox 270 1356 346 1400; x_wconf 88' lang='lat' dir='ltr'><strong>vero</strong></span> <span class='ocrx_word' id='word_1_56' title='bbox 368 1335 462 1400; x_wconf 88' lang='lat' dir='ltr'><strong>hicce</strong></span> <span class='ocrx_word' id='word_1_57' title='bbox 481 1357 582 1399; x_wconf 84' lang='lat' dir='ltr'><strong>nexus</strong></span> <span class='ocrx_word' id='word_1_58' title='bbox 603 1335 688 1398; x_wconf 92' lang='lat' dir='ltr'><strong>adeo</strong></span> <span class='ocrx_word' id='word_1_59' title='bbox 705 1334 877 1418; x_wconf 83' lang='lat' dir='ltr'><strong>multiplex</strong></span> <span class='ocrx_word' id='word_1_60' title='bbox 895 1343 957 1410; x_wconf 90' lang='lat' dir='ltr'><strong>est,</strong></span> <span class='ocrx_word' id='word_1_61' title='bbox 972 1332 1138 1396; x_wconf 88' lang='lat' dir='ltr'><strong>utetiam-</strong></span> 
     </span>
     <span class='ocr_line' id='line_1_10' title="bbox 163 1443 1138 1527; baseline -0.001 -21"><span class='ocrx_word' id='word_1_62' title='bbox 163 1444 190 1506; x_wconf 92' lang='lat' dir='ltr'><strong>si</strong></span> <span class='ocrx_word' id='word_1_63' title='bbox 221 1445 356 1506; x_wconf 88' lang='lat' dir='ltr'><strong>alterum</strong></span> <span class='ocrx_word' id='word_1_64' title='bbox 376 1445 545 1510; x_wconf 80' lang='lat' dir='ltr'><strong>vinculum</strong></span> <span class='ocrx_word' id='word_1_65' title='bbox 571 1445 698 1507; x_wconf 88' lang='lat' dir='ltr'><strong>nullam</strong></span> <span class='ocrx_word' id='word_1_66' title='bbox 722 1443 863 1526; x_wconf 88' lang='lat' dir='ltr'><strong>amplius</strong></span> <span class='ocrx_word' id='word_1_67' title='bbox 888 1443 991 1527; x_wconf 87' lang='lat' dir='ltr'><strong>possit</strong></span> <span class='ocrx_word' id='word_1_68' title='bbox 1021 1443 1138 1507; x_wconf 88' lang='lat' dir='ltr'><strong>afferre</strong></span> 
     </span>
     <span class='ocr_line' id='line_1_11' title="bbox 164 1550 1135 1640; baseline 0.002 -26"><span class='ocrx_word' id='word_1_69' title='bbox 164 1553 354 1630; x_wconf 73' lang='lat' dir='ltr'><strong>utilitatem,</strong></span> <span class='ocrx_word' id='word_1_70' title='bbox 379 1553 510 1638; x_wconf 89' lang='lat' dir='ltr'><strong>reliqua</strong></span> <span class='ocrx_word' id='word_1_71' title='bbox 531 1553 665 1617; x_wconf 86' lang='lat' dir='ltr'><strong>vincula</strong></span> <span class='ocrx_word' id='word_1_72' title='bbox 687 1555 798 1614; x_wconf 85' lang='lat' dir='ltr'><strong>tame&#39;n</strong></span> <span class='ocrx_word' id='word_1_73' title='bbox 816 1562 894 1635; x_wconf 89' lang='lat' dir='ltr'><strong>apta</strong></span> <span class='ocrx_word' id='word_1_74' title='bbox 916 1562 1051 1614; x_wconf 90' lang='lat' dir='ltr'><strong>manent</strong></span> <span class='ocrx_word' id='word_1_75' title='bbox 1072 1550 1135 1640; x_wconf 79' lang='lat'><strong>(2),</strong></span> 
     </span>
     <span class='ocr_line' id='line_1_12' title="bbox 162 1659 1138 1747; baseline 0.001 -24"><span class='ocrx_word' id='word_1_76' title='bbox 162 1671 198 1724; x_wconf 93' lang='lat' dir='ltr'><strong>ut</strong></span> <span class='ocrx_word' id='word_1_77' title='bbox 220 1682 258 1724; x_wconf 89' lang='lat' dir='ltr'><strong>ea</strong></span> <span class='ocrx_word' id='word_1_78' title='bbox 284 1670 464 1747; x_wconf 81' lang='lat' dir='ltr'><strong>peragant,</strong></span> <span class='ocrx_word' id='word_1_79' title='bbox 491 1660 612 1746; x_wconf 90' lang='lat' dir='ltr'><strong>quibus</strong></span> <span class='ocrx_word' id='word_1_80' title='bbox 631 1659 831 1745; x_wconf 79' lang='lat' dir='ltr'><strong>peragendis</strong></span> <span class='ocrx_word' id='word_1_81' title='bbox 849 1660 1009 1723; x_wconf 91' lang='lat' dir='ltr'><strong>nonnulla</strong></span> <span class='ocrx_word' id='word_1_82' title='bbox 1031 1661 1138 1724; x_wconf 89' lang='lat' dir='ltr'><strong>minus</strong></span> 
     </span>
     <span class='ocr_line' id='line_1_13' title="bbox 161 1770 811 1855; baseline 0.002 -24"><span class='ocrx_word' id='word_1_83' title='bbox 161 1781 241 1855; x_wconf 92' lang='lat' dir='ltr'><strong>apta</strong></span> <span class='ocrx_word' id='word_1_84' title='bbox 262 1771 315 1835; x_wconf 89' lang='lat' dir='ltr'><strong>vel</strong></span> <span class='ocrx_word' id='word_1_85' title='bbox 334 1770 471 1834; x_wconf 89' lang='lat' dir='ltr'><strong>omnino</strong></span> <span class='ocrx_word' id='word_1_86' title='bbox 492 1770 605 1852; x_wconf 88' lang='lat' dir='ltr'><strong>inepta</strong></span> <span class='ocrx_word' id='word_1_87' title='bbox 627 1778 811 1834; x_wconf 87' lang='lat' dir='ltr'><strong>evaserunt.</strong></span> 
     </span>
    </p>

    <p class='ocr_par' dir='ltr' id='par_1_3' title="bbox 159 1862 1203 2616">
     <span class='ocr_line' id='line_1_14' title="bbox 205 1862 1137 1968; baseline -0.001 -26"><span class='ocrx_word' id='word_1_88' title='bbox 205 1880 309 1943; x_wconf 89' lang='lat' dir='ltr'><strong>Nemo</strong></span> <span class='ocrx_word' id='word_1_89' title='bbox 323 1879 407 1968; x_wconf 90' lang='lat' dir='ltr'><strong>dein</strong></span> <span class='ocrx_word' id='word_1_90' title='bbox 429 1898 499 1941; x_wconf 90' lang='lat' dir='ltr'><strong>non</strong></span> <span class='ocrx_word' id='word_1_91' title='bbox 518 1878 624 1954; x_wconf 86' lang='lat' dir='ltr'><strong>videt,</strong></span> <span class='ocrx_word' id='word_1_92' title='bbox 649 1862 836 1942; x_wconf 87' lang='lat' dir='ltr'><strong>necessario</strong></span> <span class='ocrx_word' id='word_1_93' title='bbox 858 1878 994 1942; x_wconf 83' lang='lat' dir='ltr'><strong>existere</strong></span> <span class='ocrx_word' id='word_1_94' title='bbox 1017 1878 1137 1942; x_wconf 88' lang='lat' dir='ltr'><strong>debere</strong></span> 
     </span>
     <span class='ocr_line' id='line_1_15' title="bbox 162 1987 1135 2073; baseline 0 -22"><span class='ocrx_word' id='word_1_95' title='bbox 162 1988 416 2064; x_wconf 89' lang='lat' dir='ltr'><strong>abnormitates,</strong></span> <span class='ocrx_word' id='word_1_96' title='bbox 462 1988 488 2050; x_wconf 92' lang='lat' dir='ltr'><strong>si</strong></span> <span class='ocrx_word' id='word_1_97' title='bbox 521 1989 614 2073; x_wconf 92' lang='lat' dir='ltr'><strong>quis,</strong></span> <span class='ocrx_word' id='word_1_98' title='bbox 657 1998 693 2051; x_wconf 92' lang='lat' dir='ltr'><strong>ut</strong></span> <span class='ocrx_word' id='word_1_99' title='bbox 722 1989 872 2053; x_wconf 91' lang='lat' dir='ltr'><strong>fecerunt</strong></span> <span class='ocrx_word' id='word_1_100' title='bbox 901 1987 1011 2054; x_wconf 84' lang='lat' dir='ltr'><strong>Celeb.</strong></span> <span class='ocrx_word' id='word_1_101' title='bbox 1045 2010 1135 2051; x_wconf 81' lang='lat' dir='ltr'><strong>rurr-</strong></span> 
     </span>
     <span class='ocr_line' id='line_1_16' title="bbox 164 2094 1138 2186; baseline 0 -24"><span class='ocrx_word' id='word_1_102' title='bbox 164 2118 223 2162; x_wconf 76' lang='lat' dir='ltr'><strong>uus</strong></span> <span class='ocrx_word' id='word_1_103' title='bbox 245 2096 316 2184; x_wconf 83' lang='lat'><strong>(3),</strong></span> <span class='ocrx_word' id='word_1_104' title='bbox 349 2119 569 2161; x_wconf 77' lang='lat' dir='ltr'><strong>aannnaanus</strong></span> <span class='ocrx_word' id='word_1_105' title='bbox 589 2094 655 2185; x_wconf 76' lang='lat'><strong>(4),</strong></span> <span class='ocrx_word' id='word_1_106' title='bbox 681 2119 834 2162; x_wconf 73' lang='lat' dir='ltr'><strong>ursanus</strong></span> <span class='ocrx_word' id='word_1_107' title='bbox 854 2094 903 2185; x_wconf 88' lang='grc'><strong>(5)</strong></span> <span class='ocrx_word' id='word_1_108' title='bbox 923 2098 1047 2183; x_wconf 88' lang='lat' dir='ltr'><strong>aliique</strong></span> <span class='ocrx_word' id='word_1_109' title='bbox 1068 2095 1138 2186; x_wconf 83' lang='lat'><strong>(6),</strong></span> 
     </span>
     <span class='ocr_line' id='line_1_17' title="bbox 161 2207 1139 2294; baseline 0.003 -25"><span class='ocrx_word' id='word_1_110' title='bbox 161 2209 363 2292; x_wconf 87' lang='lat' dir='ltr'><strong>superiorem</strong></span> <span class='ocrx_word' id='word_1_111' title='bbox 398 2218 529 2292; x_wconf 87' lang='lat' dir='ltr'><strong>partem</strong></span> <span class='ocrx_word' id='word_1_112' title='bbox 565 2209 606 2273; x_wconf 87' lang='lat' dir='ltr'><strong>N.</strong></span> <span class='ocrx_word' id='word_1_113' title='bbox 646 2207 843 2294; x_wconf 84' lang='lat' dir='ltr'><strong>sympathioi</strong></span> <span class='ocrx_word' id='word_1_114' title='bbox 872 2217 1039 2292; x_wconf 79' lang='lat' dir='ltr'><strong>persecet3</strong></span> <span class='ocrx_word' id='word_1_115' title='bbox 1080 2207 1139 2272; x_wconf 89' lang='lat' dir='ltr'><strong>sed</strong></span> 
     </span>
     <span class='ocr_line' id='line_1_18' title="bbox 159 2317 1203 2409; baseline 0.004 -31"><span class='ocrx_word' id='word_1_116' title='bbox 159 2317 292 2380; x_wconf 88' lang='lat' dir='ltr'><strong>minime</strong></span> <span class='ocrx_word' id='word_1_117' title='bbox 314 2319 341 2380; x_wconf 91' lang='lat' dir='ltr'><strong>is</strong></span> <span class='ocrx_word' id='word_1_118' title='bbox 360 2339 446 2395; x_wconf 92' lang='lat' dir='ltr'><strong>sum,</strong></span> <span class='ocrx_word' id='word_1_119' title='bbox 473 2318 530 2404; x_wconf 91' lang='lat' dir='ltr'><strong>qui</strong></span> <span class='ocrx_word' id='word_1_120' title='bbox 549 2318 696 2396; x_wconf 86' lang='lat' dir='ltr'><strong>videam,</strong></span> <span class='ocrx_word' id='word_1_121' title='bbox 719 2318 765 2380; x_wconf 91' lang='lat' dir='ltr'><strong>ita</strong></span> <span class='ocrx_word' id='word_1_122' title='bbox 785 2317 921 2403; x_wconf 88' lang='lat' dir='ltr'><strong>probari</strong></span> <span class='ocrx_word' id='word_1_123' title='bbox 944 2319 982 2381; x_wconf 88' lang='lat' dir='ltr'><strong>N.</strong></span> <span class='ocrx_word' id='word_1_124' title='bbox 1005 2338 1136 2404; x_wconf 86' lang='lat' dir='ltr'><strong>sympa·</strong></span> <span class='ocrx_word' id='word_1_125' title='bbox 1198 2399 1203 2409; x_wconf 33' lang='grc' dir='ltr'><strong><em>Ι</em></strong></span> 
     </span>
     <span class='ocr_line' id='line_1_19' title="bbox 162 2425 1138 2513; baseline 0 -23"><span class='ocrx_word' id='word_1_126' title='bbox 162 2425 288 2490; x_wconf 82' lang='lat' dir='ltr'><strong>thic‘um</strong></span> <span class='ocrx_word' id='word_1_127' title='bbox 317 2429 486 2491; x_wconf 85' lang='lat' dir='ltr'><strong>continere</strong></span> <span class='ocrx_word' id='word_1_128' title='bbox 507 2438 695 2512; x_wconf 88' lang='lat' dir='ltr'><strong>separatum</strong></span> <span class='ocrx_word' id='word_1_129' title='bbox 722 2449 898 2492; x_wconf 88' lang='lat' dir='ltr'><strong>nervorum</strong></span> <span class='ocrx_word' id='word_1_130' title='bbox 918 2437 1069 2513; x_wconf 88' lang='lat' dir='ltr'><strong>systema.</strong></span> <span class='ocrx_word' id='word_1_131' title='bbox 1093 2463 1138 2474; x_wconf 89' lang='lat'><em>-</em></span> 
     </span>
     <span class='ocr_line' id='line_1_20' title="bbox 162 2534 1139 2616; baseline 0.001 -17"><span class='ocrx_word' id='word_1_132' title='bbox 162 2534 263 2616; x_wconf 84' lang='lat' dir='ltr'><strong>Quod</strong></span> <span class='ocrx_word' id='word_1_133' title='bbox 299 2537 386 2600; x_wconf 91' lang='lat' dir='ltr'><strong>enim</strong></span> <span class='ocrx_word' id='word_1_134' title='bbox 423 2538 466 2602; x_wconf 88' lang='lat' dir='ltr'><strong>de</strong></span> <span class='ocrx_word' id='word_1_135' title='bbox 502 2557 609 2603; x_wconf 87' lang='lat' dir='ltr'><strong>massa</strong></span> <span class='ocrx_word' id='word_1_136' title='bbox 645 2557 822 2602; x_wconf 87' lang='lat' dir='ltr'><strong>nervorum</strong></span> <span class='ocrx_word' id='word_1_137' title='bbox 853 2538 949 2606; x_wconf 85' lang='lat' dir='ltr'><strong>Vitae</strong></span> <span class='ocrx_word' id='word_1_138' title='bbox 978 2536 1139 2602; x_wconf 78' lang='lat' dir='ltr'><strong>Animalia</strong></span> 
     </span>
    </p>
   </div>
   <div class='ocr_carea' id='block_1_3' title="bbox 193 2809 1141 2882">
    <p class='ocr_par' dir='ltr' id='par_1_4' title="bbox 193 2809 1141 2882">
     <span class='ocr_line' id='line_1_21' title="bbox 193 2809 1141 2882; baseline 0.003 -21"><span class='ocrx_word' id='word_1_139' title='bbox 193 2809 235 2882; x_wconf 82' lang='lat'><strong>(1)</strong></span> <span class='ocrx_word' id='word_1_140' title='bbox 256 2809 337 2862; x_wconf 84' lang='lat' dir='ltr'><strong>conf.</strong></span> <span class='ocrx_word' id='word_1_141' title='bbox 355 2824 458 2864; x_wconf 75' lang='lat' dir='ltr'><strong>ctYRtt</strong></span> <span class='ocrx_word' id='word_1_142' title='bbox 481 2813 510 2863; x_wconf 92' lang='lat' dir='ltr'><strong>in</strong></span> <span class='ocrx_word' id='word_1_143' title='bbox 527 2813 682 2864; x_wconf 70' lang='lat' dir='ltr'><strong>nncnan&#39;s</strong></span> <span class='ocrx_word' id='word_1_144' title='bbox 698 2814 816 2877; x_wconf 78' lang='lat' dir='ltr'><strong>Archiv,</strong></span> <span class='ocrx_word' id='word_1_145' title='bbox 834 2810 913 2863; x_wconf 86' lang='lat' dir='ltr'><strong>Tom.</strong></span> <span class='ocrx_word' id='word_1_146' title='bbox 932 2810 986 2864; x_wconf 89' lang='lat' dir='ltr'><strong>Vl.</strong></span> <span class='ocrx_word' id='word_1_147' title='bbox 1004 2829 1061 2881; x_wconf 85' lang='lat' dir='ltr'><strong>pag.</strong></span> <span class='ocrx_word' id='word_1_148' title='bbox 1080 2813 1141 2864; x_wconf 78' lang='lat'><strong>464.</strong></span> 
     </span>
    </p>
   </div>
   <div class='ocr_carea' id='block_1_4' title="bbox 253 2889 1226 2966">
    <p class='ocr_par' dir='ltr' id='par_1_5' title="bbox 253 2889 1226 2966">
     <span class='ocr_line' id='line_1_22' title="bbox 253 2889 1226 2966; baseline 0.004 -21"><span class='ocrx_word' id='word_1_149' title='bbox 253 2895 349 2946; x_wconf 78' lang='lat' dir='ltr'><strong>Pmun</strong></span> <span class='ocrx_word' id='word_1_150' title='bbox 368 2902 395 2946; x_wconf 91' lang='lat' dir='ltr'><strong>et</strong></span> <span class='ocrx_word' id='word_1_151' title='bbox 413 2908 547 2947; x_wconf 74' lang='lat' dir='ltr'><strong>annoso.</strong></span> <span class='ocrx_word' id='word_1_152' title='bbox 575 2895 654 2947; x_wconf 84' lang='lat' dir='ltr'><strong>Conf.</strong></span> <span class='ocrx_word' id='word_1_153' title='bbox 674 2909 799 2948; x_wconf 75' lang='lat' dir='ltr'><strong>arnono</strong></span> <span class='ocrx_word' id='word_1_154' title='bbox 819 2896 838 2947; x_wconf 89' lang='lat' dir='ltr'><strong>l.</strong></span> <span class='ocrx_word' id='word_1_155' title='bbox 857 2914 882 2948; x_wconf 76' lang='lat' dir='ltr'><strong>c,</strong></span> <span class='ocrx_word' id='word_1_156' title='bbox 900 2914 959 2966; x_wconf 73' lang='lat' dir='ltr'><strong>pag.</strong></span> <span class='ocrx_word' id='word_1_157' title='bbox 973 2898 1033 2948; x_wconf 81' lang='grc'><strong>155.</strong></span> <span class='ocrx_word' id='word_1_158' title='bbox 1060 2894 1144 2949; x_wconf 78' lang='lat' dir='ltr'><strong>Lon-</strong></span> <span class='ocrx_word' id='word_1_159' title='bbox 1223 2889 1226 2893; x_wconf 66' lang='grc'>’</span> 
     </span>
    </p>
   </div>
   <div class='ocr_carea' id='block_1_5' title="bbox 194 2977 1144 3134">
    <p class='ocr_par' dir='ltr' id='par_1_6' title="bbox 194 2977 1144 3134">
     <span class='ocr_line' id='line_1_23' title="bbox 255 2977 567 3048; baseline 0.003 -18"><span class='ocrx_word' id='word_1_160' title='bbox 255 2992 344 3030; x_wconf 74' lang='lat' dir='ltr'><strong>saara</strong></span> <span class='ocrx_word' id='word_1_161' title='bbox 363 2977 383 3029; x_wconf 95' lang='lat' dir='ltr'><strong>l.</strong></span> <span class='ocrx_word' id='word_1_162' title='bbox 402 2997 427 3031; x_wconf 89' lang='lat' dir='ltr'><strong>c.</strong></span> <span class='ocrx_word' id='word_1_163' title='bbox 445 2997 503 3048; x_wconf 82' lang='lat' dir='ltr'><strong>pag.</strong></span> <span class='ocrx_word' id='word_1_164' title='bbox 523 2982 567 3031; x_wconf 86' lang='lat'><strong>55.</strong></span> 
     </span>
     <span class='ocr_line' id='line_1_24' title="bbox 194 3059 1144 3134; baseline 0.005 -23"><span class='ocrx_word' id='word_1_165' title='bbox 194 3059 234 3131; x_wconf 82' lang='lat'><strong>(2)</strong></span> <span class='ocrx_word' id='word_1_166' title='bbox 256 3061 396 3113; x_wconf 83' lang='lat' dir='ltr'><strong>Auxilium</strong></span> <span class='ocrx_word' id='word_1_167' title='bbox 413 3081 495 3128; x_wconf 82' lang='lat' dir='ltr'><strong>vero,</strong></span> <span class='ocrx_word' id='word_1_168' title='bbox 513 3064 589 3133; x_wconf 88' lang='lat' dir='ltr'><strong>qnod</strong></span> <span class='ocrx_word' id='word_1_169' title='bbox 606 3064 758 3132; x_wconf 84' lang='lat' dir='ltr'><strong>suppeditat</strong></span> <span class='ocrx_word' id='word_1_170' title='bbox 773 3083 870 3117; x_wconf 87' lang='lat' dir='ltr'><strong>massae</strong></span> <span class='ocrx_word' id='word_1_171' title='bbox 888 3065 1025 3134; x_wconf 82' lang='lat' dir='ltr'><strong>organicae</strong></span> <span class='ocrx_word' id='word_1_172' title='bbox 1042 3066 1144 3118; x_wconf 86' lang='lat' dir='ltr'><strong>anima-</strong></span> 
     </span>
    </p>
   </div>
   <div class='ocr_carea' id='block_1_6' title="bbox 254 3145 1225 3222">
    <p class='ocr_par' dir='ltr' id='par_1_7' title="bbox 254 3145 1225 3222">
     <span class='ocr_line' id='line_1_25' title="bbox 254 3145 1225 3222; baseline 0.008 -26"><span class='ocrx_word' id='word_1_173' title='bbox 254 3145 288 3196; x_wconf 84' lang='lat' dir='ltr'><strong>lis</strong></span> <span class='ocrx_word' id='word_1_174' title='bbox 306 3163 406 3211; x_wconf 87' lang='lat' dir='ltr'><strong>massa,</strong></span> <span class='ocrx_word' id='word_1_175' title='bbox 427 3153 484 3196; x_wconf 90' lang='lat' dir='ltr'><strong>tum</strong></span> <span class='ocrx_word' id='word_1_176' title='bbox 501 3149 617 3215; x_wconf 87' lang='lat' dir='ltr'><strong>primum</strong></span> <span class='ocrx_word' id='word_1_177' title='bbox 637 3150 768 3202; x_wconf 85' lang='lat' dir='ltr'><strong>sufficiens</strong></span> <span class='ocrx_word' id='word_1_178' title='bbox 788 3157 844 3216; x_wconf 83' lang='lat' dir='ltr'><strong>est,</strong></span> <span class='ocrx_word' id='word_1_179' title='bbox 864 3151 911 3201; x_wconf 87' lang='lat' dir='ltr'><strong>ubi</strong></span> <span class='ocrx_word' id='word_1_180' title='bbox 930 3150 1061 3218; x_wconf 82' lang='lat' dir='ltr'><strong>separatio</strong></span> <span class='ocrx_word' id='word_1_181' title='bbox 1079 3168 1143 3222; x_wconf 84' lang='lat' dir='ltr'><strong>ape·</strong></span> <span class='ocrx_word' id='word_1_182' title='bbox 1222 3207 1225 3212; x_wconf 68' lang='grc'>,</span> 
     </span>
    </p>
   </div>
   <div class='ocr_carea' id='block_1_7' title="bbox 168 3230 1143 3642">
    <p class='ocr_par' dir='ltr' id='par_1_8' title="bbox 253 3230 733 3301">
     <span class='ocr_line' id='line_1_26' title="bbox 253 3230 733 3301; baseline 0.006 -19"><span class='ocrx_word' id='word_1_183' title='bbox 253 3230 328 3291; x_wconf 78' lang='lat' dir='ltr'><strong>cialis</strong></span> <span class='ocrx_word' id='word_1_184' title='bbox 344 3247 399 3282; x_wconf 89' lang='lat' dir='ltr'><strong>non</strong></span> <span class='ocrx_word' id='word_1_185' title='bbox 417 3231 526 3283; x_wconf 89' lang='lat' dir='ltr'><strong>omnino</strong></span> <span class='ocrx_word' id='word_1_186' title='bbox 542 3230 713 3301; x_wconf 87' lang='lat' dir='ltr'><strong>prohibetur.</strong></span> <span class='ocrx_word' id='word_1_187' title='bbox 729 3253 733 3260; x_wconf 91' lang='lat'><em>·</em></span> 
     </span>
    </p>

    <p class='ocr_par' dir='ltr' id='par_1_9' title="bbox 192 3304 1143 3561">
     <span class='ocr_line' id='line_1_27' title="bbox 192 3304 1142 3390; baseline 0.008 -24"><span class='ocrx_word' id='word_1_188' title='bbox 192 3312 235 3383; x_wconf 82' lang='grc'><strong>(3)</strong></span> <span class='ocrx_word' id='word_1_189' title='bbox 255 3313 288 3366; x_wconf 84' lang='lat' dir='ltr'><strong>F.</strong></span> <span class='ocrx_word' id='word_1_190' title='bbox 306 3328 416 3379; x_wconf 67' lang='lat' dir='ltr'><strong>PETIT,</strong></span> <span class='ocrx_word' id='word_1_191' title='bbox 436 3318 561 3370; x_wconf 84' lang='lat' dir='ltr'><strong>Me&#39;moire</strong></span> <span class='ocrx_word' id='word_1_192' title='bbox 579 3319 645 3370; x_wconf 83' lang='lat' dir='ltr'><strong>dans</strong></span> <span class='ocrx_word' id='word_1_193' title='bbox 664 3320 747 3386; x_wconf 80' lang='lat' dir='ltr'><strong>lequel</strong></span> <span class='ocrx_word' id='word_1_194' title='bbox 769 3323 790 3372; x_wconf 86' lang='lat' dir='ltr'><strong>il</strong></span> <span class='ocrx_word' id='word_1_195' title='bbox 807 3327 847 3373; x_wconf 79' lang='lat' dir='ltr'><strong>est</strong></span> <span class='ocrx_word' id='word_1_196' title='bbox 864 3304 1013 3386; x_wconf 69' lang='lat' dir='ltr'><strong>demontrt,</strong></span> <span class='ocrx_word' id='word_1_197' title='bbox 1038 3338 1088 3390; x_wconf 81' lang='lat' dir='ltr'><strong>que</strong></span> <span class='ocrx_word' id='word_1_198' title='bbox 1106 3323 1142 3374; x_wconf 79' lang='lat' dir='ltr'><strong>les</strong></span> 
     </span>
     <span class='ocr_line' id='line_1_28' title="bbox 252 3402 1143 3476; baseline 0.012 -27"><span class='ocrx_word' id='word_1_199' title='bbox 252 3402 325 3466; x_wconf 76' lang='lat' dir='ltr'><strong>nerse</strong></span> <span class='ocrx_word' id='word_1_200' title='bbox 343 3403 535 3454; x_wconf 78' lang='lat' dir='ltr'><strong>intercosteanx</strong></span> <span class='ocrx_word' id='word_1_201' title='bbox 548 3406 716 3470; x_wconf 80' lang='lat' dir='ltr'><strong>soumisseat</strong></span> <span class='ocrx_word' id='word_1_202' title='bbox 733 3408 777 3458; x_wconf 82' lang='lat' dir='ltr'><strong>des</strong></span> <span class='ocrx_word' id='word_1_203' title='bbox 795 3424 938 3471; x_wconf 79' lang='lat' dir='ltr'><strong>rameaua,</strong></span> <span class='ocrx_word' id='word_1_204' title='bbox 966 3411 1013 3476; x_wconf 84' lang='lat' dir='ltr'><strong>qui</strong></span> <span class='ocrx_word' id='word_1_205' title='bbox 1032 3414 1143 3475; x_wconf 75' lang='lat' dir='ltr'><strong>portent</strong></span> 
     </span>
     <span class='ocr_line' id='line_1_29' title="bbox 252 3484 1140 3561; baseline 0.008 -27"><span class='ocrx_word' id='word_1_206' title='bbox 252 3484 295 3535; x_wconf 78' lang='lat' dir='ltr'><strong>des</strong></span> <span class='ocrx_word' id='word_1_207' title='bbox 313 3487 407 3552; x_wconf 73' lang='lat' dir='ltr'><strong>caprile</strong></span> <span class='ocrx_word' id='word_1_208' title='bbox 424 3487 489 3538; x_wconf 81' lang='lat' dir='ltr'><strong>dans</strong></span> <span class='ocrx_word' id='word_1_209' title='bbox 507 3487 543 3539; x_wconf 78' lang='lat' dir='ltr'><strong>lea</strong></span> <span class='ocrx_word' id='word_1_210' title='bbox 560 3505 638 3556; x_wconf 64' lang='grc' dir='ltr'><strong>μετα.</strong></span> <span class='ocrx_word' id='word_1_211' title='bbox 674 3491 795 3542; x_wconf 80' lang='lat' dir='ltr'><strong>Histoire</strong></span> <span class='ocrx_word' id='word_1_212' title='bbox 812 3494 841 3543; x_wconf 83' lang='lat' dir='ltr'><strong>de</strong></span> <span class='ocrx_word' id='word_1_213' title='bbox 861 3491 971 3545; x_wconf 84' lang='lat' dir='ltr'><strong>l&#39;Acad.</strong></span> <span class='ocrx_word' id='word_1_214' title='bbox 990 3491 1079 3561; x_wconf 76' lang='lat' dir='ltr'><strong>royole</strong></span> <span class='ocrx_word' id='word_1_215' title='bbox 1096 3492 1140 3542; x_wconf 80' lang='lat' dir='ltr'><strong>des</strong></span> 
     </span>
    </p>

    <p class='ocr_par' dir='ltr' id='par_1_10' title="bbox 168 3566 839 3642">
     <span class='ocr_line' id='line_1_30' title="bbox 168 3566 839 3642; baseline 0.018 -27"><span class='ocrx_word' id='word_1_216' title='bbox 168 3599 171 3617; x_wconf 84' lang='lat'><em>.</em></span> <span class='ocrx_word' id='word_1_217' title='bbox 257 3566 387 3634; x_wconf 68' lang='lat' dir='ltr'><strong>Seleucea,</strong></span> <span class='ocrx_word' id='word_1_218' title='bbox 409 3568 488 3620; x_wconf 81' lang='lat' dir='ltr'><strong>Anno</strong></span> <span class='ocrx_word' id='word_1_219' title='bbox 508 3569 584 3622; x_wconf 84' lang='lat'><strong>1727.</strong></span> <span class='ocrx_word' id='word_1_220' title='bbox 604 3589 661 3640; x_wconf 77' lang='lat' dir='ltr'><strong>pag.</strong></span> <span class='ocrx_word' id='word_1_221' title='bbox 682 3573 706 3624; x_wconf 92' lang='lat'><strong>1.</strong></span> <span class='ocrx_word' id='word_1_222' title='bbox 725 3590 787 3642; x_wconf 84' lang='lat' dir='ltr'><strong>sqq.</strong></span> <span class='ocrx_word' id='word_1_223' title='bbox 804 3602 839 3616; x_wconf 88' lang='lat'><em>-</em></span> 
     </span>
    </p>
   </div>
   <div class='ocr_carea' id='block_1_8' title="bbox 122 3646 1138 3798">
    <p class='ocr_par' dir='ltr' id='par_1_11' title="bbox 122 3646 1138 3798">
     <span class='ocr_line' id='line_1_31' title="bbox 122 3646 1138 3786; baseline 0.011 -92"><span class='ocrx_word' id='word_1_224' title='bbox 122 3690 124 3695; x_wconf 81' lang='grc'>,</span> <span class='ocrx_word' id='word_1_225' title='bbox 192 3647 235 3716; x_wconf 76' lang='lat' dir='ltr'><strong>(l)</strong></span> <span class='ocrx_word' id='word_1_226' title='bbox 257 3646 452 3786; x_wconf 60' lang='lat' dir='ltr'><strong>Auqufiaau,</strong></span> <span class='ocrx_word' id='word_1_227' title='bbox 473 3646 608 3711; x_wconf 75' lang='lat' dir='ltr'><strong>Versaclre¹</strong></span> <span class='ocrx_word' id='word_1_228' title='bbox 620 3658 684 3708; x_wconf 77' lang='lat' dir='ltr'><strong>tiber</strong></span> <span class='ocrx_word' id='word_1_229' title='bbox 699 3658 739 3708; x_wconf 79' lang='lat' dir='ltr'><strong>die</strong></span> <span class='ocrx_word' id='word_1_230' title='bbox 752 3660 945 3723; x_wconf 83' lang='lat' dir='ltr'><strong>Regenerotion</strong></span> <span class='ocrx_word' id='word_1_231' title='bbox 963 3659 1009 3708; x_wconf 82' lang='lat' dir='ltr'><strong>der</strong></span> <span class='ocrx_word' id='word_1_232' title='bbox 1016 3656 1138 3720; x_wconf 77' lang='lat' dir='ltr'><strong>Nema,</strong></span> 
     </span>
     <span class='ocr_line' id='line_1_32' title="bbox 255 3748 392 3798; baseline 0.058 -20"><span class='ocrx_word' id='word_1_233' title='bbox 255 3748 313 3798; x_wconf 84' lang='lat' dir='ltr'><strong>pag.</strong></span> <span class='ocrx_word' id='word_1_234' title='bbox 385 3769 392 3786; x_wconf 85' lang='lat'><strong>.</strong></span> 
     </span>
    </p>
   </div>
   <div class='ocr_carea' id='block_1_9' title="bbox 193 3778 1140 3968">
    <p class='ocr_par' dir='ltr' id='par_1_12' title="bbox 193 3778 1140 3968">
     <span class='ocr_line' id='line_1_33' title="bbox 193 3778 1140 3951; baseline 0.004 -84"><span class='ocrx_word' id='word_1_235' title='bbox 193 3813 237 3885; x_wconf 89' lang='grc'><strong>(5)</strong></span> <span class='ocrx_word' id='word_1_236' title='bbox 258 3813 381 3951; x_wconf 53' lang='lat' dir='ltr'><strong>liniq?</strong></span> <span class='ocrx_word' id='word_1_237' title='bbox 405 3820 466 3885; x_wconf 25' lang='lat' dir='ltr'><strong>und,</strong></span> <span class='ocrx_word' id='word_1_238' title='bbox 476 3778 656 3877; x_wconf 47' lang='grc' dir='ltr'><strong>1111111111ιέγ</strong></span> <span class='ocrx_word' id='word_1_239' title='bbox 674 3823 807 3887; x_wconf 79' lang='lat' dir='ltr'><strong>Journal,</strong></span> <span class='ocrx_word' id='word_1_240' title='bbox 824 3792 914 3874; x_wconf 69' lang='lat' dir='ltr'><strong>Tom.</strong></span> <span class='ocrx_word' id='word_1_241' title='bbox 934 3821 971 3874; x_wconf 87' lang='grc' dir='ltr'><strong>Χ.</strong></span> <span class='ocrx_word' id='word_1_242' title='bbox 991 3820 1063 3873; x_wconf 81' lang='lat' dir='ltr'><strong>Hest.</strong></span> <span class='ocrx_word' id='word_1_243' title='bbox 1084 3819 1140 3872; x_wconf 88' lang='lat' dir='ltr'><strong>ltt.</strong></span> 
     </span>
     <span class='ocr_line' id='line_1_34' title="bbox 255 3904 391 3968; baseline -0.007 -14"><span class='ocrx_word' id='word_1_244' title='bbox 255 3917 314 3968; x_wconf 81' lang='lat' dir='ltr'><strong>pag.</strong></span> <span class='ocrx_word' id='word_1_245' title='bbox 367 3904 391 3953; x_wconf 86' lang='lat'><strong>1.</strong></span> 
     </span>
    </p>
   </div>
   <div class='ocr_carea' id='block_1_10' title="bbox 194 3983 857 4062">
    <p class='ocr_par' dir='ltr' id='par_1_13' title="bbox 194 3983 857 4062">
     <span class='ocr_line' id='line_1_35' title="bbox 194 3983 857 4062; baseline 0.003 -22"><span class='ocrx_word' id='word_1_246' title='bbox 194 3983 235 4054; x_wconf 88' lang='grc'><strong>(6)</strong></span> <span class='ocrx_word' id='word_1_247' title='bbox 256 3985 470 4056; x_wconf 78' lang='lat' dir='ltr'><strong>Dururraria,</strong></span> <span class='ocrx_word' id='word_1_248' title='bbox 491 4005 612 4062; x_wconf 75' lang='lat' dir='ltr'><strong>nurus,</strong></span> <span class='ocrx_word' id='word_1_249' title='bbox 631 4004 799 4046; x_wconf 79' lang='lat' dir='ltr'><strong>aaascuur.</strong></span> <span class='ocrx_word' id='word_1_250' title='bbox 824 4016 857 4030; x_wconf 97' lang='lat'><em>-</em></span> 
     </span>
    </p>
   </div>
   <div class='ocr_carea' id='block_1_11' title="bbox 0 0 1302 4718">
    <p class='ocr_par' dir='ltr' id='par_1_14' title="bbox 0 0 1302 4718">
     <span class='ocr_line' id='line_1_36' title="bbox 0 0 1302 4718; baseline 0 1"><span class='ocrx_word' id='word_1_251' title='bbox 0 0 1302 4718; x_wconf 95' lang='lat' dir='ltr'><strong> </strong></span> 
     </span>
    </p>
   </div>
  </div>
 </body>
</html>
