2596 4718
628 393 668 457 10

205 575 239 640 Si
261 576 335 662 jam
364 575 398 638 in
428 574 524 638 aliud
549 582 776 658 argumentum
805 572 920 637 oculos
952 584 1125 641 converta-

160 707 245 768 mus,
269 685 295 748 si
321 706 355 750 v:
384 705 437 770 gr:
460 684 650 770 organicam
671 682 754 747 cutis
771 681 954 747 efficaciam
973 685 1124 748 conside·

159 816 283 872 remus,
318 793 579 880 objectionibus,
614 793 641 857 si
671 801 758 877 quae
789 792 933 857 fortassis
961 791 1018 857 hle
1048 783 1125 858 nas·

158 915 290 981 cantur,
315 903 507 990 responderi
525 912 633 986 potest
657 922 721 986 ope
735 902 1057 978 considerationum,
1081 903 1125 966 si·

66 1034 72 1066 ι
159 992 284 1079 milium
302 1013 358 1090 iis,
394 1005 481 1097 quas
499 1031 598 1095 supra
620 1010 805 1081 adtulimus,
851 1010 886 1073 si
910 1011 1123 1088 adsumimus,

158 1134 284 1188 motum
316 1120 491 1185 animalem
522 1119 664 1205 requiri,
698 1120 755 1205 qui
790 1121 988 1213 nutrientem
1022 1131 1128 1186 mate-

158 1233 239 1297 riem
267 1229 400 1315 corpori
426 1229 635 1314 suppeditet,¹
664 1238 839 1293 nocentem
863 1250 883 1293 a
909 1250 1049 1313 corpore
1072 1250 1126 1294 ar-

156 1350 252 1416 caat,
291 1338 452 1424 quidnam
486 1337 584 1423 igitur
615 1338 650 1401 in
685 1358 784 1402 causa
822 1349 887 1415 est,
927 1359 987 1403 cur
1020 1339 1124 1415 cutis,

159 1447 284 1533 absque
304 1456 412 1511 motus
430 1446 579 1510 animalis
600 1446 801 1522 interventu,
826 1447 994 1510 materiem
1015 1468 1054 1510 ex
1072 1433 1126 1511 re·

158 1555 220 1621 bus
251 1542 388 1621 externis
420 1555 589 1633 adsumat,
625 1577 701 1623 cnm
733 1556 890 1642 sanguine
923 1575 988 1621 con
984 1555 1124 1642 jungat,

157 1665 306 1751 aliasque
327 1665 478 1737 materies
499 1665 668 1752 eliminet?

202 1774 315 1841 Cutem
348 1772 438 1839 huic
458 1775 584 1846 muneri
609 1794 731 1840 vacare
756 1774 897 1863 debere,
930 1780 973 1837 ut
989 1783 1021 1836 et
1040 1773 1128 1839 ritae

156 1884 358 1970 vegetativae
385 1903 528 1969 organa,
563 1904 651 1969 quae
675 1883 763 1948 intus
783 1883 823 1946 ιιι
841 1903 981 1967 corpore
1002 1883 1125 1958 latent,

158 2002 331 2078 acceptam
351 1993 521 2055 materiem
541 1990 732 2068 elaborant,
766 1990 831 2055 hoc
852 1992 976 2056 nemini
994 2012 1064 2055 non
1086 1990 1129 2055 li-.

158 2112 249 2188 quet.
287 2100 406 2186 ‘Vitam
428 2100 621 2186 organicam
642 2100 766 2186 requiri
787 2121 914 2185 semper
936 2110 1126 2177 actuosam,

140 2209 310 2296 'vitaeque
331 2208 480 2272 animalis
500 2207 685 2271 efficaciam
707 2228 804 2293 saepe
825 2208 868 2272 ab
889 2209 963 2292 ipsa
980 2208 1015 2274 ιιι
1034 2209 1129 2272 auxi·

156 2318 237 2382 lium
264 2317 398 2393 vocari,
432 2336 530 2402 supra
544 2310 630 2402 ,jain
655 2315 803 2381 diximus.
849 2316 981 2405 Indiget
1007 2318 1131 2384 ventri·

160 2427 252 2509 culus
289 2425 387 2502 cibis,
422 2446 507 2515 quos
538 2425 703 2492 elaboret:
743 2427 868 2513 indiget
898 2427 983 2492 cutia
1013 2426 1133 2491 Medio

156 2535 324 2621 quodam,
349 2544 387 2601 ut
408 2533 518 2621 ajunt,
543 2534 608 2602 sive
628 2534 882 2621 Atmosphaera,
906 2536 942 2599 in
962 2555 1038 2621 qua.
1051 2556 1132 2625 age-

157 2663 193 2706 re
214 2643 326 2727 possit.
373 2644 565 2710 Ventriculo
587 2644 746 2730 ingeritur
774 2645 964 2709 alimentum
987 2665 1051 2729 ope
1072 2645 1133 2712 Vi-

105 2772 110 2778 ·
156 2761 211 2814 tae
241 2749 414 2828 Animalis,
449 2751 521 2838 ipsa
554 2773 633 2816 vero
664 2750 893 2838 atmosphaera
927 2752 1027 2816 etiam
1053 2773 1132 2816 cum

155 2870 234 2927 cute
253 2881 313 2950 per
333 2869 461 2924 motum
480 2861 655 2925 animalem
674 2863 709 2925 in
725 2872 917 2927 contactum
928 2863 1027 2929 venit.
1059 2862 1134 2927 Hoc

247 3167 439 3227 resonantibus
463 3166 578 3239 ictibus,
606 3179 699 3266 eaput
715 3167 768 3243 ipsi
787 3148 909 3224 dolebat.
947 3166 1000 3236 Qui
1026 3165 1139 3259 sobrios

247 3254 372 3315 homines
395 3274 479 3330 quam
493 3212 738 3313 vehementissime
754 3254 848 3324 afficit,
865 3254 976 3329 spiritus
991 3255 1063 3322 vini,
1081 3248 1139 3330 po-

184 3336 186 3343 ’
247 3352 351 3399 tutores
368 3341 414 3399 rix
438 3341 533 3416 tangit.
579 3341 633 3412 Qui
652 3341 813 3398 Anatomiae
833 3351 876 3399 eet
897 3341 1022 3413 deditus
1050 3343 1140 3400 cada-

246 3449 344 3489 verum
348 3428 554 3491 laetaremnon
572 3440 665 3500 curat,
683 3440 753 3486 caet.
792 3428 877 3486 Non
870 3449 893 3484 rs
909 3448 984 3501 sum,
1002 3431 1050 3505 qui
1068 3451 1140 3487 con-

247 3518 358 3579 tendam
377 3539 506 3578 mutuum
524 3520 629 3590 aciem,
649 3520 843 3579 exercitatione
865 3507 1042 3590 decrescere,
1069 3540 1140 3577 con-

248 3607 360 3663 trarium
383 3607 546 3683 plerumque
569 3608 685 3669 obtinet.
722 3611 828 3669 Verum
848 3609 918 3665 enim
936 3628 1003 3666 vero
1021 3609 1140 3666 Animus

248 3693 400 3754 istiusmodi
423 3716 467 3753 res
492 3696 631 3772 negligere
659 3695 742 3767 solat,
773 3715 842 3770 quas
870 3694 948 3752 haud
970 3695 1087 3754 multum
1110 3698 1140 3752 in
1187 3725 1193 3732 ·

249 3802 352 3860 corpus
366 3785 474 3855 valere,
503 3785 672 3862 experientis
690 3787 838 3860 cognovit,
853 3797 901 3842 aut
919 3785 1139 3844 conductoribus

249 3871 306 3929 suis
324 3873 427 3932 nondiu
443 3874 470 3928 ιιι
487 3894 521 3929 co
546 3874 675 3949 quiescit,
705 3875 780 3950 quod
797 3874 897 3930 nullam
915 3876 970 3932 vim
989 3876 1016 3930 in
1035 3894 1139 3949 corpus

245 3963 360 4032 exserit,
384 3975 432 4024 aut
449 3964 547 4023 saltem
564 3983 690 4028 exserere
708 3964 825 4024 videtur.
