2596 4718
544 312 733 436 rat'

87 567 164 613 nem
184 547 233 635 (l)
262 547 517 634 pertinentibum
540 549 709 634 praeditos
734 549 845 628 altera¹
861 549 977 619 barum
998 553 1048 619 ia·

84 655 249 723 cultatem
269 677 381 723 carere
397 676 507 742 posse,
519 657 688 721 incolumi
707 667 818 722 tamen
837 647 972 736 altera,¹
983 680 1052 725 non

87 775 196 829 autem
222 766 296 831 rice
320 785 428 842 versa,
461 763 550 830 hanc
576 766 725 831 amittere
741 774 836 851 posse
864 767 949 844 rim,
981 769 1051 832 sine

85 873 172 938 illius
191 874 397 939 detrimento.
419 874 579 938 -Haud
598 877 708 959 inepte
727 875 826 962 igitur
847 876 957 940 dicere
972 896 1051 961 pos·
1091 934 1094 943 .
1143 872 1146 881 ’

84 1002 210 1060 sumus,
238 1002 375 1047 sensum-
395 983 595 1068 peculiarem
629 981 790 1070 (gustum)
818 984 920 1049 inesse
950 1005 1051 1050 nervo
1116 1029 1121 1039 ι

80 1091 294 1169 sensationis‚'
310 1090 441 1155 minime
453 1112 531 1157 vero
541 1101 681 1156 statuere
692 1113 879 1178 possumus,
896 1093 962 1158 vim
977 1114 1050 1157 sen·

83 1199 219 1296 sationis
238 1219 342 1266 nerra
367 1199 478 1265 sensile
501 1201 677 1288 peculiaris
702 1198 844 1290 (gastris)
861 1175 981 1267 'inesse
1007 1236 1052 1249 ·-

86 1306 209 1373 Eadem
226 1309 336 1374 valent
354 1292 404 1374 de'
416 1319 526 1387 tactu,
549 1310 608 1396 qui
623 1309 749 1375 deletus
764 1332 831 1375 esse
849 1321 972 1396 potest,
986 1315 1049 1376 'su-
1079 1390 1080 1394 Ἰ

81 1418 216 1502 perstite
237 1418 430 1483 sensationet
460 1454 529 1497 ·.···

93 1562 98 1568 -
127 1526 168 1590 llt
185 1524 269 1592 haec
292 1525 428 1614 quidem
447 1526 614 1612 explicatu
637 1527 770 1591 minime
795 1527 941 1593 difficilia
962 1537 1047 1593 umt.
1147 1571 1151 1577 -

85 1633 204 1701 sensu
226 1635 314 1711 enim
341 1636 517 1721 peculiaris
537 1636 641 1723 magis
664 1634 832 1722 subjectus
856 1645 902 1700 est
925 1635 1051 1723 legibus

84 1743 323 1828 peculiaribus,
353 1745 494 1808 sensatio
523 1764 602 1808 vero
630 1740 885 1831 generalioribus
911 1745 1048 1830 legibus.

13 1895 16 1903 -
83 1851 166 1918 Jom
187 1862 271 1933 pero
296 1873 436 1939 organa
450 1852 651 1938 peculiaria
672 1853 826 1916 morbose
848 1851 945 1940 affici
962 1868 1062 1939 port

85 1959 346 2037 consiliumne
363 1961 609 2048 generalibus,
631 1949 851 2047 naquaquam
863 1969 978 2044 uatem
986 1983 1050 2048 ge·

58 2098 60 2105 ⁸
85 2069 241 2146 ueratro,
265 2071 403 2134 illaesas
419 2069 688 2156 peculiaribus..
706 2069 816 2164 ¹Quam
832 2052 939 2156 'legem
951 2090 1048 2156 supra
1115 2094 1119 2111 ³

22 2186 29 2202 “
78 2177 152 2263 jam
173 2177 499 2266 observavimusll).
890 2181 893 2188 '

128 2285 169 2350 In
192 2288 302 2352 nervis
316 2286 427 2353 sensile
444 2287 541 2373 primi
557 2287 680 2353 ordinis
701 2286 751 2374 (3)
772 2289 874 2353 simile
892 2287 975 2375 quid
994 2287 1044 2351 in-

83 2393 241 2471 venimus,
255 2397 404 2482 quamvis
414 2395 550 2460 hisensu
562 2406 689 2459 tantum
699 2397 875 2482 peculiari,
887 2397 1045 2485 nullaque

83 2502 266 2569 sensatione
289 2505 432 2590 praediti
461 2505 536 2573 siut.
581 2506 643 2570 Hic
665 2505 750 2568 enim
770 2525 880 2569 sensus
896 2505 1044 2590 peculia·

84 2611 128 2675 ris
145 2612 271 2676 deletus
289 2633 356 2676 esse
377 2621 501 2697 potest,
526 2612 684 2677 incolumi
704 2622 891 2676 remanente
911 2613 948 2676 in
968 2613 1046 2698 ipsis

83 2720 236 2804 organis,
263 2720 299 2784 in
323 2720 443 2806 quibus
460 2719 693 2784 dominabatur
711 2720 767 2784 ille
784 2740 911 2796 sensus,
935 2740 1044 2783 sensa·

11 2857 14 2874 ι
82 2827 181 2891 tione.
237 2827 329 2908 Quae
356 2828 497 2892 sensatio
520 2839 636 2892 contra
665 2848 728 2892 nec
755 2829 790 2892 in
817 2847 899 2892 naso
921 2848 985 2891 nec
1008 2827 1043 2892 in
1075 2832 1104 2856 ·’

80 2936 183 3000 oculo
208 2939 331 3001 necin
356 2957 435 3001 ame
465 2936 588 3000 destrui
613 2945 740 3022 potest,
773 2937 944 3023 superstite
971 2937 1045 3022 ipso

81 3045 227 3122 olfactu,
256 3045 327 3110 visu
355 3054 388 3110 et
413 3045 538 3111 auditua
561 3080 604 3095 -
632 3045 703 3108 Tali
721 3046 848 3109 ratione
865 3046 965 3109 etiam
987 3065 1042 3109 ex·

79 3154 238 3240 plicanda
273 3164 347 3219 sunt
379 3155 600 3239 experimenta
630 3151 837 3220 Celeberrimi
864 3172 1040 3229 naasson,

82 3262 203 3350 quibus
225 3263 402 3350 probatur,
436 3263 576 3345 descisso
596 3264 702 3327 Nerva
723 3262 895 3349 trigemino
927 3261 1042 3348 (nervo
1135 3273 1138 3282 '

81 3372 297 3438 consutionem
314 3392 513 3457 organorum
529 3370 640 3437 sensus
653 3372 828 3457 peculiaris
840 3369 1046 3452 exercente),

82 3496 190 3546 sensus
222 3483 403 3567 peculiares
430 3481 539 3548 lateris
563 3481 641 3546 laesi
670 3480 805 3545 omnino
833 3479 965 3547 destrui.
998 3513 1040 3524 -

112 3764 154 3832 (l)
175 3734 285 3818 Scilicet
301 3767 335 3818 ad
351 3785 463 3820 sensum.

63 3889 67 3895 .
112 3848 154 3917 (2)
174 3846 239 3900 vid.
258 3866 335 3917 sopra
352 3870 409 3921 pag.
428 3854 470 3903 79.

114 3939 155 4007 (3)
176 3928 296 3991 Vocibus
314 3941 426 3995 »erasas
442 3948 469 3994 et
485 3941 576 3995 ordo'’
596 3939 741 4009 promiscue
760 3936 805 3991 bic
824 3943 892 3988 utor.

888 3998 955 4090 10*
