2596 4718
586 729 749 792 ..030-

279 861 351 927 Fre.
374 860 403 926 Ι.
427 863 477 938 A„

208 971 339 1036 Haecce
372 972 480 1059 figura
513 957 754 1059 repraesentas
771 975 948 1040 Medullam
981 974 1143 1060 spinalem

164 1081 290 1159 Ranae
320 1083 520 1147 esculentae
544 1104 620 1148 cum
641 1085 757 1151 nervis
787 1085 1001 1150 extremitatis
1030 1095 1142 1178 poste-

164 1211 269 1256 noris.

206 1328 238 1368 n.
267 1303 439 1391 {Ganglion
461 1302 583 1370 radicis
605 1305 769 1371 sensoriae
792 1305 890 1371 Nervi
910 1305 1098 1392 inguinalis.

206 1418 237 1502 β.
277 1414 583 1500 --ξ-
612 1451 744 1466 ---
777 1451 886 1464 --
909 1416 1057 1481 cruralis.

206 1552 237 1606 γ.
272 1560 425 1575 -—
445 1559 577 1573 —--
607 1560 739 1573 --—
769 1562 879 1575 --—
901 1521 1087 1591 ischiadici.

206 1638 235 1704 s.
273 1614 427 1682 --'
448 1634 487 1697 u.
511 1633 672 1718 pudendi.

208 1749 237 1812 l.
273 1726 397 1811 Nervus
425 1743 610 1830 inguinalis.

203 1859 236 1922 2.
270 1890 401 1904 ---
425 1854 573 1918 cruralis.

204 1967 236 2032 3.
269 1999 402 2013 --
422 1962 632 2028 ischiadicos.
690 2013 694 2023 .

204 2075 236 2141 l.
269 2108 401 2124 --
421 2072 609 2159 pudendus.

203 2186 235 2250 5.
271 2185 397 2250 Remus
426 2185 464 2249 N.
496 2182 689 2270 inguinalis,
727 2182 785 2267 qui
812 2182 847 2245 in
871 2182 1022 2272 inferiori
1044 2191 1135 2268 parte

269 2273 497 2358 musculorum
528 2312 591 2356 neo
629 2311 700 2355 non
740 2292 824 2356 cutis
856 2291 1044 2355 abdominis
1076 2312 1141 2356 sese

271 2397 449 2467 distribuit.

203 2523 230 2577 ⁸.
272 2512 398 2578 Ramus
417 2533 623 2600 conjungens
639 2512 678 2575 N.
693 2512 855 2575 cruralem
868 2532 944 2575 oum
963 2500 1140 2598 inguinali.

203 2624 235 2690 6.
271 2624 397 2689 Ramus
422 2645 461 2688 ex
485 2621 591 2687 hacce
615 2622 855 2709 conjunctione
880 2620 1056 2700 oriundus,
1083 2623 1145 2709 qui
1188 2668 1191 2675 .

268 2735 380 2820 plures
409 2735 575 2798 musculos
601 2753 664 2797 nec
696 2753 767 2797 non
794 2740 904 2795 cutem
923 2732 1070 2817 supremi
1092 2731 1142 2795 fe-

268 2844 369 2907 moris
386 2844 481 2928 petit.
520 2842 568 2929 (Si
584 2842 781 2929 conjunctio
799 2842 839 2905 N.
863 2841 1041 2927 inguinalis
1064 2863 1143 2907 eum

270 2952 392 3018 crurali
418 2963 465 3018 est
491 2962 527 3016 ut
553 2953 589 3016 in
617 2953 685 3039 Fig.
713 2951 774 3017 III.
808 2950 863 3016 hic
893 2974 1004 3017 ramus
1027 2974 1046 3016 e
1069 2953 1143 3016 solo

269 3065 308 3127 N.
331 3063 493 3149 inguinali
516 3062 647 3147 oritur.)
787 3053 789 3058 ¹

204 3195 237 3237 n.
271 3172 407 3237 Initium
427 3172 679 3260 ‘conjunctionis
702 3168 750 3237 N.'
764 3173 902 3238 cruralis
924 3193 1001 3235 cum
1018 3171 1144 3236 ischia-

157 3345 161 3353 .
270 3281 359 3348 dicu.

156 3395 250 3473 2÷3.
268 3393 416 3457 Truncus
439 3393 623 3456 communis
644 3390 764 3456 horum
785 3414 973 3458 nervorum.

197 3509 228 3573 7.
264 3506 390 3571 Ramus
417 3504 564 3567 internus

610 3548 719 3612 trunci
751 3546 935 3611 communis
957 3545 997 3608 N.
1023 3567 1139 3610 crura·

200 3617 233 3687 9.
265 3653 396 3689 -ε-
418 3625 573 3680 externus
933 3619 939 3632 ’

267 3727 305 3790 lis
324 3735 356 3789 et
373 3723 564 3802 ischiadici,
588 3725 647 3811 qui
657 3733 768 3788 tamen
778 3723 950 3791 functione
961 3721 1133 3798 indicans,

267 3857 335 3899 sesc
364 3856 382 3899 e
407 3836 447 3899 N.
485 3834 607 3899 crurali
639 3835 798 3920 originem
831 3831 978 3913 trahere3
1013 3832 1138 3912 adeunt

265 3943 425 4031 plurimos
445 3946 613 4012 musculos
636 3955 668 4010 et
686 3955 802 4010 cutem
825 3936 971 4010 femoris.
