2596 4718
436 424 441 437 ,
551 334 596 398 63

82 525 327 605 propagante,
353 515 452 579 Nervi
475 536 554 580 vero
579 516 613 581 vi
632 523 762 578 motum
784 524 965 581 exercente
986 527 1064 581 suut
1168 526 1175 541 “

84 626 247 691 instructi.
258 662 304 674 —
314 626 474 690 Motorios
488 644 607 689 nervos
624 623 786 688 facultate
802 623 956 689 movendi
963 645 1061 710 prae·

86 736 174 799 ditos
185 757 253 799 esse
263 783 272 812 ,
283 726 418 799 necesse
429 745 491 811 est,
501 735 561 820 qui
572 744 697 809 motus,
711 744 748 797 ut
760 733 950 797 instituatur
961 744 1062 820 atque

85 822 190 930 scopo
210 865 270 910 suo
289 844 507 929 respondeat,
539 864 659 907 nervus
679 842 870 906 admotum
890 843 1064 907 instituen-

17 992 24 1005 ·
85 954 166 1018 dum
201 954 377 1030 stimulari,
409 963 510 1039 atque
539 952 601 1015 sub
626 953 700 1037 ipso
737 961 831 1014 motu
860 954 1063 1017 coordinari

87 1062 214 1151 (dirigi)
242 1063 353 1127 debet,
384 1098 429 1111 -
458 1062 589 1125 Stimuli
613 1062 650 1124 in
677 1060 826 1147 quadam
854 1062 961 1125 centri
984 1082 1060 1127 ner·

84 1192 204 1238 vorum
229 1182 325 1256 parte
356 1172 580 1256 excipiuntur,
612 1179 646 1234 et
677 1167 755 1233 binc
784 1169 863 1233 dein
886 1170 922 1233 in
951 1181 1062 1235 moto·

85 1282 153 1345 rios
177 1302 294 1349 nervos
323 1291 441 1368 agunt,
473 1300 618 1367 quorum
648 1279 814 1343 actionem
841 1277 1059 1357 cerebellum,

83 1374 353 1477 (Cecmeaator,
385 1388 625 1476 Moderatcr),
658 1378 844 1475 saepissime
871 1399 999 1454 certum
1024 1391 1060 1455 in

14 1526 19 1535 ·
83 1500 184 1564 finem
202 1500 325 1587 dirigit.
366 1499 401 1563 si
423 1510 534 1565 autem
553 1499 646 1563 nervi
670 1499 763 1562 nulla
789 1500 823 1564 vi
842 1500 987 1584 praediti
1007 1520 1058 1563 cs·

83 1620 170 1686 sent,
188 1610 353 1685 stimulus,
374 1608 515 1695 ejusque
536 1608 686 1679 directio,
695 1608 815 1671 frustra
833 1608 996 1673 adessent.
1015 1642 1061 1657 -

82 1718 297 1783 stimulorum
332 1739 426 1795 vero,
457 1719 517 1804 qui
541 1738 720 1783 nervorum
748 1717 970 1781 sensoriomm
994 1736 1059 1801 ope

83 1827 258 1892 cerebrum
295 1828 439 1905 adeunt,
475 1829 604 1915 saepius
638 1826 764 1892 conscii
798 1848 921 1905 sumus;
964 1826 1061 1891 certis

83 1956 164 2002 vero
189 1936 250 2000 sub
276 1937 541 2015 conditionibus,
566 1936 632 2002 hoc
653 1938 723 2001 n'on
743 1935 790 1999 ita
811 1936 925 1999 locum
945 1933 1060 1999 habet.

83 2044 194 2109 Primo
212 2046 248 2110 in
268 2067 347 2110 casu
372 2048 557 2125 Voluntas,
582 2048 608 2112 si
636 2069 697 2111 usu
716 2066 872 2132 maguam
894 2045 972 2109 satis
991 2044 1064 2109 vim.

84 2155 310 2241 acquisiverit,
346 2137 475 2243 saepius
502 2156 658 2243 impedit,
700 2156 878 2243 quominus
911 2154 1056 2231 reactio,

82 2274 191 2341 motus
211 2263 337 2331 scilicet
355 2265 563 2353 inseqisatur,
589 2287 706 2354 quem,
729 2265 787 2329 illa
808 2263 900 2328 haud
917 2272 1056 2351 agente,

83 2374 231 2439 stimulus
248 2386 340 2440 certo
355 2387 579 2463 provocasset.
611 2375 676 2441 ch
696 2396 822 2440 summa
839 2375 969 2462 saepius
984 2374 1062 2439 ani·-

84 2485 258 2563 malis¹vis,
283 2487 344 2549 soli
365 2496 495 2551 tantum
513 2486 640 2552 homini
658 2486 812 2572 propria,
838 2494 988 2571 apparet.
1011 2523 1057 2536 -

82 2592 236 2658 Pluribus
255 2615 334 2661 vcro
354 2595 391 2658 in
410 2594 555 2673 casibus,
589 2596 769 2662 voluntatis
788 2596 837 2660 vis
855 2593 948 2658 haud
967 2594 1058 2659 sulli-

81 2704 148 2779 cit,
172 2723 241 2789 qua
260 2702 382 2769 stimuli
403 2706 557 2792 sequelae
578 2704 820 2791 impediuntur,
845 2703 946 2767 immo
965 2700 1058 2767 haud

82 2831 161 2876 raro
183 2804 331 2877 stimulus
350 2811 425 2899 jam
445 2815 649 2880 renationem
677 2813 850 2891 excitavit,
877 2821 1057 2900 antequam

81 2921 237 2989 voluntas
265 2922 300 2986 in
321 2933 433 2989 actsun
461 2924 584 2989 deduci
608 2924 771 3010 potuerit,
807 2922 933 2989 scilieet
963 2932 1060 2989 ante·

82 3052 186 3118 quam
207 3032 413 3101 stimulorum
436 3034 561 3100 conscii
583 3035 665 3101 lacti
686 3034 794 3099 simus.

127 3142 189 3206 Ubi
215 3144 370 3209 voluntas
395 3145 430 3208 in
456 3146 626 3211 reactione
647 3155 758 3232 partes
778 3166 853 3210 suas
872 3144 958 3232 agit,
981 3144 1055 3229 ipsa

83 3250 192 3316 motus
217 3263 265 3317 est
291 3256 456 3319 attinentes
476 3258 647 3334 derectas,
672 3256 840 3343 impressio
859 3276 938 3322 vcro
960 3275 1055 3319 sensu
1118 3304 1121 3311 .

78 3371 235 3447 recepta,
261 3383 349 3449 quae
374 3365 529 3431 movendi
555 3366 765 3431 occasionem
790 3364 962 3452 praebuit,
987 3362 1056 3429 hoc

82 3468 117 3532 in
139 3489 218 3534 casu
242 3473 408 3537 steinalas
437 3464 716 3554 ostendentes,
746 3472 945 3563 (remotior).
991 3472 1059 3537 Ubi

80 3577 234 3643 voluntas
261 3581 371 3647 motus
401 3594 448 3648 est
478 3586 640 3663 stimulus,
665 3596 775 3651 motus
797 3585 854 3650 ille
875 3584 922 3648 ita
943 3581 1055 3648 modi·

41 3706 45 3715 ·
82 3686 180 3751 ficari
216 3699 339 3774 potest,
383 3703 420 3757 ut
455 3695 526 3759 aliis
561 3716 698 3782 quoque
734 3693 913 3780 propositis
950 3691 1057 3777 adap-

81 3782 180 3861 tetur.
242 3798 305 3863 Ubi
339 3823 417 3867 vero
452 3814 603 3870 externus
636 3803 784 3869 stimulus
819 3800 946 3867 directe
979 3818 1053 3865 rea·

81 3907 226 3973 ctionem
246 3911 384 3988 excitat,
405 3913 500 3981 nulla
526 3915 662 3981 omnino
690 3910 900 3981 modificatio
925 3908 1054 3995 cogim-
