2596 4718
429 912 819 1010 ΡΒΑΕΜΤΙΟι

145 1628 148 1632 .
210 1540 518 1667 Quandoquidem
540 1599 638 1640 nemo
666 1599 718 1641 me
744 1579 823 1664 ipso
847 1581 971 1647 melius
994 1591 1028 1648 et
1048 1589 1116 1650 seit

141 1709 176 1766 et
197 1701 384 1786 entelliqit,
421 1695 560 1786 quanti
593 1695 748 1760 Virorum
774 1697 968 1764 Doctorum
996 1702 1117 1766 indul-

142 1818 263 1902 9entict
275 1817 340 1882 hae
352 1817 551 1881 studiorum
562 1818 902 1899 meornmprimitiae
912 1821 1116 1897 inaa'yoant3

143 1933 243 1995 naua
259 1952 283 1994 a
307 1950 346 1994 re
366 1929 536 2004 alienum,
561 1929 663 1990 immo
686 1930 834 1991 manime
857 1935 1121 2010 necessarium„

141 2051 247 2126 alueo,
267 2057 309 2112 ut
326 2056 411 2113 ante
431 2044 814 2110 omuiaialzubrenuer
828 2042 1018 2132 enponam,
1040 2055 1119 2138 qui·
1139 2114 1141 2121 ,
1173 2118 1175 2127 ,

142 2167 206 2229 bns
218 2168 340 2230 causis
352 2164 438 2228 haee
449 2167 598 2250 scriptia
609 2184 710 2227 snam
732 2166 901 2247 oriqinem
920 2166 1059 2243 debeat,
1086 2176 1121 2231 et

41 2372 45 2377 .
143 2285 217 2372 quai
237 2287 376 2347 ratumne
395 2285 564 2358 evenerit,
590 2289 630 2344 ut
649 2280 716 2344 illa
736 2302 804 2366 pro
826 2287 994 2347 materiae
1008 2305 1120 2369 prae·

144 2402 285 2466 stantia
315 2424 358 2466 ae
385 2403 562 2486 dz'qnitate
593 2421 664 2462 non
694 2402 785 2462 satis
807 2399 906 2463 docte
928 2403 1121 2485 etcopiose
1208 2440 1213 2448 ·

143 2519 328 2584 elaborata
352 2523 564 2606 reperiatur.

137 2634 141 2645 ’
192 2639 306 2726 Quum
327 2639 494 2701 nimirum
515 2638 559 2700 ab
581 2637 702 2724 aliquo
725 2640 807 2702 inde
830 2646 982 2724 tempore
1005 2641 1121 2704 obser-

142 2758 327 2816 uationum
348 2754 391 2818 de
412 2761 602 2837 systemate
623 2761 770 2818 neruosa
784 2753 1039 2839 faciendarum
1062 2780 1122 2821 en·
1195 2818 1197 2823 ,

139 2872 297 2961 pu'ctitate
329 2873 504 2948 arderem,
539 2871 708 2958 illumque
740 2874 901 2936 ardorem
928 2897 999 2938 non
1023 2875 1122 2939 medo

146 3012 219 3053 non
242 2993 485 3075 exstinquere,
511 2992 638 3054 nedum
660 2995 869 3077 oppremere,
895 2993 1034 3068 uellem,
1060 2992 1126 3056 sed

147 3116 275 3174 eontra
296 3129 338 3171 ea
358 3106 506 3171 multum
527 3115 561 3171 et
580 3112 746 3194 temporis
768 3117 802 3171 et
822 3109 955 3172 laboris
979 3110 1039 3172 illi
1060 3113 1125 3175 im·

140 3226 347 3313 penderem,
369 3229 500 3314 qm'ppe
520 3227 617 3313 quod
626 3234 777 3312 praeter
798 3231 921 3312 maqni
936 3231 1050 3290 animi
1063 3251 1124 3292 uo·

147 3344 320 3429 luptatem
340 3344 451 3406 simut
467 3347 573 3407 etiam
590 3343 939 3429 haud-spernendam
954 3345 1124 3408 utilitatis

148 3464 285 3547 copiam
305 3483 349 3525 en·
370 3483 408 3526 eo
430 3485 482 3526 me
498 3465 684 3548 peremere
705 3462 915 3525 sentiebam:
950 3470 1066 3526 tamen
1089 3463 1130 3525 id

147 3581 287 3643 minime
308 3601 346 3644 eo
370 3581 519 3645 consilio
541 3571 703 3668 aq'ebam,
730 3588 771 3643 nt
791 3603 834 3644 ea
848 3578 967 3664 fastis
981 3577 1129 3663 facien«

149 3695 248 3760 disne
266 3697 569 3763 obseruationibus
590 3699 666 3762 illis
679 3707 809 3784 postea
828 3697 1025 3760 nonnullas
1044 3696 1128 3760 seli-

148 3834 280 3897 qerem,
316 3817 444 3902 quibas
475 3838 545 3903 pro
576 3817 856 3880 Dissertationis
889 3812 1130 3899 Inauanalis

151 3942 359 4017 arqnmento
386 3943 518 4001 uterer.
564 3934 681 4002 Plane
707 3933 813 3999 aliud
835 3932 923 4001 milei
940 3942 1025 3998 tune
1039 3951 1129 4021 pra·
