2596 4718
697 372 760 443 112

247 560 349 637 ratio,
382 559 427 624 de
452 577 518 644 qua
546 558 584 623 in
597 552 665 622 hoc
683 556 799 643 Capite
821 555 1006 644 disputari,
1028 560 1224 653 necesariu-

246 668 428 756 praecedit.
457 701 504 715 —-
539 665 582 731 In
616 665 768 732 arborem
798 685 988 733 excrescere
1014 652 1115 735 debet
1140 690 1216 757 ger-

245 797 336 857 men,
360 786 539 862 antequam
557 775 683 839 fructus
701 776 814 863 largiri
832 776 946 861 possit.

286 993 413 1059 Exinde
437 993 544 1058 etiam
568 991 636 1056 rite.
660 991 838 1077 probatur,
875 993 973 1064 Viros
991 992 1118 1061 Doctus
1138 992 1216 1080 qui·

245 1101 431 1170 demhaud
448 1121 586 1179 errasse,
611 1121 715 1188 quum
736 1102 959 1179 contendant,
981 1102 1022 1168 N.
1034 1101 1216 1190 sympathi·

244 1233 321 1278 cum
337 1230 551 1297 nequaquam
568 1230 609 1275 ex
623 1209 761 1275 cerebro
782 1211 941 1296 originem
960 1209 1091 1277 trahere
1107 1231 1214 1298 posse.

245 1319 378 1388 Cerebri
398 1320 484 1383 enim
502 1317 665 1395 exolutim
687 1326 724 1382 ut
741 1318 871 1397 monui,
892 1339 932 1385 ex
944 1319 1119 1389 communi
1139 1339 1217 1385 ner·

243 1449 361 1497 vorum
378 1438 494 1493 centro
512 1435 589 1513 post
605 1427 846 1512 separationem
867 1428 1069 1514 generalem,
1097 1426 1216 1517 (mate-

243 1538 314 1605 riae
330 1557 470 1603 nerveae
487 1535 584 1605 Vitae
604 1533 767 1622 Organice
784 1535 828 1600 ab
848 1536 906 1601 illa
925 1537 1021 1623 Vitae
1040 1536 1229 1627 Animalia)

243 1647 373 1737 incipit.
390 1682 436 1696 —
452 1644 641 1733 Separatio
659 1642 826 1731 speciales
843 1649 882 1709 in
902 1647 1116 1723 animalibus
1129 1669 1216 1735 per·

236 1755 450 1844 fectioribus
473 1755 585 1821 locum
606 1752 732 1819 habere
756 1757 895 1842 nequit,
920 1757 996 1821 m'ar‘.
1004 1763 1094 1843 post
1113 1758 1215 1822 abao-

243 1865 356 1929 latam
375 1864 635 1949 reparationem
648 1861 852 1949 generalem
872 1860 936 1951 (1).
958 1897 1004 1913 —-
1021 1863 1088 1935 Sed
1105 1882 1216 1931 errare

244 1972 347 2038 eredo
373 1969 605 2056 Physiologos‚
636 1970 760 2056 quiex
781 1971 915 2037 invento
942 1971 982 2037 N.
1006 1973 1215 2059 sympathicc

153 2064 162 2135 '.
243 2082 279 2145 in
299 2079 489 2166 Aeeplrele‘s
513 2079 735 2156 concludant,
758 2079 798 2145 N.
817 2079 1059 2166 sympathicum
1079 2102 1151 2148 non
1177 2104 1217 2151 ex

244 2189 411 2255 communi
428 2198 544 2254 centro
563 2209 639 2252 cnm
656 2187 907 2275 reliquisnervis
918 2190 1061 2278 origines
1071 2191 1213 2260 trahere.

244 2298 363 2363 'lotum
382 2297 468 2361 enim
485 2306 729 2382 argumentum,
760 2297 814 2361 cui
839 2317 931 2383 suam
950 2299 1142 2384 opinionem
1161 2322 1215 2367 su·

242 2413 448 2493 perstruunt,
466 2404 640 2490 refellitur2
660 2405 742 2470 siea
758 2405 886 2471 ratione
900 2423 952 2471 res
968 2407 1214 2489 consideratur,

245 2535 312 2601 qua
333 2534 395 2601 ego
414 2514 519 2603 ipsam
537 2512 640 2579 modo
656 2496 820 2601 exponere
837 2525 977 2581 conatus
995 2537 1067 2582 sum
1089 2517 1155 2605 (2).
1187 2545 1189 2553 ·

286 2732 477 2800 Secundum
486 2731 575 2797 hanc
585 2751 761 2798 nervorum
772 2732 945 2821 duplicem
953 2738 1218 2822 ceparanum

244 2843 354 2908 omnia
369 2841 524 2907 animalia
535 2860 650 2928 supra,
667 2838 758 2929 (pag.
773 2836 952 2941 loli-iffi),
965 2844 1081 2909 ordine
1092 2845 1219 2937 triplici

244 2950 470 3037 considerata,
498 2949 580 3023 inti
608 2950 727 3015 classes
751 2948 842 3017 haud
867 2951 991 3041 inepte
1006 2951 1114 3021 dividi
1138 2974 1220 3041 pos·

244 3069 319 3125 sunt
329 3083 337 3124 r

273 3361 316 3433 (1)
336 3360 369 3414 lu
391 3361 600 3432 simpliciorffius
622 3370 711 3416 tamen
736 3362 892 3417 animalibus
915 3363 985 3416 illud
1004 3357 1115 3417 omniuo
1134 3364 1235 3420 lorum

334 3442 432 3498 habere
453 3453 554 3514 poteet3
578 3464 638 3499 nam
660 3449 793 3514 Gangliou
813 3448 974 3517 Cephalieum
997 3455 1025 3500 et
1047 3449 1139 3502 variae
1160 3466 1224 3504 mo-

335 3527 503 3589 dificationes
518 3516 841 3599 nervorumreperiuntur
857 3531 887 3582 in
901 3531 1060 3599 permultis,
1077 3532 1109 3583 iu
1125 3534 1225 3602 quihus

334 3615 465 3681 separatio
484 3616 612 3684 generalia
636 3622 682 3667 aut
698 3632 808 3684 prorsus
826 3632 897 3681 non,
918 3623 963 3667 rut
979 3615 1079 3685 partim
1103 3623 1224 3691 tantum-

331 3696 413 3749 modo
431 3700 565 3752 obtinent.
623 3754 625 3760 A
1023 3712 1029 3725 ⁰

273 3778 316 3849 (2)
333 3779 446 3850 Reliqua
465 3790 632 3850 argumenta,
657 3771 756 3853 quibus
773 3784 923 3836 innituntur
942 3781 1006 3836 viri
1023 3780 1130 3848 Docti,
1156 3799 1224 3852 pru-

331 3865 396 3919 hare
422 3867 559 3935 cupienter
581 3875 695 3938 system
711 3885 856 3925 neruorum
874 3868 1062 3936 organicorum
1088 3867 1224 3938 peculiare

335 3954 446 4015 agatem
464 3967 533 4017 esee,
554 3956 633 4021 atque
652 3969 700 4020 per
717 3969 744 4004 se
763 3952 892 4019 existere,
911 3951 980 4003 iusta
997 3951 1167 4009 refellentur.
