2596 4718
639 375 690 450 '52

121 575 124 583 '
184 570 351 634 minimum
370 570 504 655 quidem
523 568 638 630 afferre
651 582 752 650 'posse
771 566 1055 649 impedimentum,
1080 563 1146 635 ¹'vir

82 753 93 763 ⁴
182 679 320 763 amplius
339 687 403 753 est,
429 677 523 762 quod
541 696 704 739 moneam.
750 674 796 736 Ex
814 693 912 757 supra
936 673 1036 738 dietis
1057 675 1148 740 euim

182 787 258 849 satis
284 795 396 870 patere
421 785 565 859 videtur,
606 784 766 848 diversam
793 790 947 844 naturam
980 783 1146 847 medullae

181 893 314 979 spinalis
339 904 370 958 et
385 893 583 979 ¹eneephali‚
615 915 682 979 qua
703 892 750 955 ris
770 891 913 953 sensoria
943 902 975 954 et
1002 892 1146 956 motoria

153 982 158 1060 ’.
181 1003 420 1079 manifestetur,
455 1013 617 1089 quatenus
640 983 765 1090 scilicet
791 998 873 1062 haec
894 998 990 1063 nobis
1014 1010 1061 1064 est
1087 1020 1147 1065 co·

178 1113 285 1199 gnita,
318 1110 410 1175 haud
437 1132 617 1197 congruere
639 1132 715 1175 eum
739 1110 865 1180 diversa
886 1110 1005 1172 natu‘ra
1025 1130 1146 1173 nervo-

179 1242 252 1284 rum
281 1219 499 1292 sensoriorum
525 1230 556 1284 et
580 1217 806 1284 motoriorum.
849 1217 937 1300 Quid
962 1227 1071 1281 autem
1085 1214 1169 1291 re«,

179 1329 259 1405 fert,
284 1329 455 1415 quomodo
475 1330 620 1395 diversae
647 1329 773 1394 cerebri
792 1327 995 1412 medullaeve
1011 1337 1141 1411 partes,

83 1445 91 1455 “
177 1457 244 1501 sese
270 1437 432 1524 jungant,
458 1438 624 1514 dividant,
658 1437 847 1514 decussant,
880 1437 976 1500 caet?
1008 1435 1144 1500 Nervus

179 1546 399 1612 conductores
427 1567 493 1611 esse
522 1547 680 1623 diversos,
705 1547 787 1610 scire
811 1524 940 1609 suffieit.
985 1544 1027 1608 In
1052 1543 1145 1610 hisce‘

178 1655 281 1720 cardo
293 1656 340 1720 rei
359 1656 566 1719 solummodo
585 1665 748 1731 versatur,
766 1676 870 1741 qutun
890 1654 1039 1718 nondum
1058 1674 1139 1741 cog·

75 1751 80 1759 ’
173 1765 337 1841 norimus,
363 1766 534 1888 quomodo
556 1786 623 1829 sese
644 1762 788 1850 habeant
808 1764 900 1829 nervi
920 1773 998 1832 ante
1018 1769 1137 1829 ortum.

219 1874 372 1955 Quonam
391 1883 499 1937 autem
513 1873 606 1959 jure,
621 1873 669 1939 ct
682 1893 951 1938 circumeamus
966 1870 1055 1936 hanc
1071 1893 1140 1936 rem

88 2059 91 2066 Ι
170 1981 332 2046 incertam
348 1979 545 2076 hypothesin
565 1980 672 2067 (seina
690 1981 919 2079 speculatzon’
924 1978 947 2066 ’)
969 1978 1078 2058 dicat,
1100 1980 1140 2043 il·

169 2087 194 2149 li
212 2089 365 2165 similem,
385 2109 465 2174 qua
458 2088 523 2154 Cl.
535 2110 671 2155 emmas
682 2090 779 2153 cerus
795 2074 993 2185 quibusdam
1013 2087 1139 2153 cerebri

142 2236 145 2242 ‹
169 2196 337 2280 partibus,
362 2207 468 2289 certas
490 2198 676 2263 functiones
701 2196 888 2263 adscribere
909 2207 1049 2261 conatus
1070 2207 1134 2273 est,

93 2314 95 2321 “
170 2305 303 2368 minime
320 2281 505 2391 perspicere
522 2307 639 2372 fateor.
686 2307 759 2375 Vox
776 2307 863 2370 enim
881 2305 1137 2391 »Speculati0n”

167 2413 260 2490 nullo
291 2414 393 2478 modo
423 2416 472 2478 illi
503 2417 551 2479 rei
579 2418 749 2502 congruit,
787 2437 889 2502 quam
918 2416 1136 2503 argumentis,

168 2542 207 2584 ex
224 2521 294 2606 ipsa
313 2533 433 2586 natura
450 2524 563 2587 sumtis
572 2560 583 2601 ,·
605 2513 829 2589 demonstrare
848 2526 1004 2591 valemus.
1037 2523 1137 2606 Quod

166 2630 210 2693 ad
225 2632 604 2726 ,comparationemejus
625 2655 701 2698 cum
723 2632 895 2699 Galliena
912 2633 1041 2699 theoria
1061 2609 1138 2709 atti·

163 2748 241 2816 net,
275 2741 408 2817 nescio,
443 2761 607 2826 quaenam
633 2740 690 2806 hle
711 2742 896 2807 similitudo
922 2742 1043 2820 subsit,
1073 2764 1136 2808 nec

165 2850 248 2914 alius
267 2852 443 2938 quisquam
462 2851 528 2916 boc
548 2852 646 2917 facile
670 2852 857 2938 perspiciet.
904 2853 1047 2920 nt-vero
1067 2875 1136 2919 non

120 2974 125 2985 ·
161 2951 262 3044 ¹hujus
280 2960 347 3024 loci
366 2970 435 3036 est,
458 2959 547 3025 hunc
571 2950 790 3025 similitudinis
808 2961 974 3027 defectum
994 2982 1136 3028 accura-

165 3066 229 3129 tius
248 3068 430 3151 explicare,
454 3091 533 3134 nam
553 3080 658 3134 metus
682 3070 786 3147 foret,
808 3092 851 3135 ne
873 3071 916 3135 ab
937 3079 1135 3158 argumento

161 3175 334 3259 proposito
361 3175 456 3240 nimis
494 3177 690 3242 aberrarem.
725 3214 769 3226 -
802 3173 950 3244 Sufficiat
988 3178 1132 3244 nonnul·

161 3281 194 3344 la
208 3332 210 3337 a
223 3281 278 3347 bic
299 3305 454 3349 enarrare
477 3288 717 3371 experimenta,
751 3309 838 3373 quae
864 3289 990 3354 institui
1016 3289 1063 3353 ad
1083 3289 1144 3375 in·¹

92 3410 102 3474 ᾗ
160 3391 408 3477 vestigandum,
434 3403 597 3479 quatenus
616 3395 700 3461 haec
722 3398 929 3487 comparatio
949 3398 990 3462 sit
1010 3397 1132 3462 admit·

159 3499 283 3564 tenda.

203 3608 315 3693 Nuper
337 3584 422 3706 enim
441 3610 530 3677 hunc
550 3614 662 3678 locum
682 3616 730 3682 ct.
754 3638 1000 3682 suessanum
1021 3637 1132 3681 rursus

157 3715 344 3800 inspicienti
362 3720 480 3783 mirum
506 3721 584 3785 mibi
601 3724 790 3801 videbatur,
812 3747 916 3810 quare
938 3725 1129 3790 Gallicanae

157 3821 304 3890 theoriae
330 3829 530 3894 mentionem
559 3831 668 3896 facere
699 3834 762 3919 ipsi
789 3835 968 3919 placuerit,
1004 3834 1128 3898 omissis

96 4018 99 4022 ·
157 3930 204 4021 Cl.
228 3955 425 4003 ssousssrn
446 3939 750 4011 observationibus?
774 3943 854 4007 Nam
876 3945 901 4007 si
928 3964 1129 4008 rsounssrn
