2596 4718
1047 326 1082 371 11

148 491 223 560 liis
251 491 371 566 dictis,
407 507 502 553 nunc
520 487 602 575 ja'm
632 486 683 550 od
713 485 776 552 Vos
806 507 882 552 sese
913 492 1085 553 conuertit

111 615 229 676 oratio
239 632 331 686 mea,
342 605 712 672 DoctissimiBatacil
726 604 804 692 Qua
815 608 964 682 ratione,
977 627 1088 693 quae-1

113 750 169 805 so,
201 728 321 793 Vestra
339 729 378 787 in
397 746 449 789 me
469 728 594 788 merita
606 722 849 810 praedicabo?
878 723 983 789 Verba
1003 722 1091 788 milri

112 846 233 909 dee'ssc
258 846 389 919 sentio,
424 843 551 928 quibus
582 842 622 904 id
645 844 736 904 satis
760 849 845 928 apto
866 863 909 906 uc
920 845 1088 928 personis

115 961 245 1026 Vestris
264 963 371 1047 dzyno
389 961 488 1023 modo
500 955 700 1045 perficiam.
725 954 756 1022 A
765 961 887 1045 prium
904 959 1089 1025 cuiminde

112 1079 185 1156 dte,
210 1101 283 1166 qua
299 1077 426 1165 pedem
445 1080 483 1139 in
505 1082 637 1139 terram
657 1075 811 1141 Vestram
827 1077 950 1154 intuli,
974 1099 1087 1175 usque

110 1198 149 1258 in
185 1195 286 1260 lonc.
300 1198 434 1282 ipsam,
470 1215 543 1279 qua
572 1190 658 1257 llaec
686 1194 817 1271 scribo,
851 1216 923 1258 nou
948 1203 1089 1260 tantum

109 1313 326 1399 sinqularcm
354 1310 609 1375 humanitatem
636 1317 671 1373 et
699 1308 978 1398 hospitalitatem
1009 1311 1087 1378 Ves-

112 1439 205 1495 tram
226 1430 339 1493 ubicis
363 1436 531 1517 expertus
552 1449 648 1503 sum,
673 1427 739 1490 sed
758 1428 864 1493 multi
883 1435 988 1495 etium
1012 1431 1089 1496 Ves-

110 1548 204 1611 trum
229 1549 360 1612 eximia
393 1544 623 1636 liberalitatis
654 1566 740 1609 suae
767 1546 975 1613 documenta
1003 1546 1091 1613 milri

110 1633 300 1741 dederuut,
333 1672 444 1749 atque
465 1663 548 1726 dum
565 1665 604 1724 in
617 1665 866 1749 persequendo
892 1665 1092 1729 studiorum

109 1802 263 1864 meorum
282 1800 392 1844 cursu
418 1786 610 1864 occupatus
632 1800 742 1854 cram,
768 1779 881 1842 multa
901 1802 1011 1864 eaque
1030 1785 1086 1843 iu-

110 1900 230 1982 sc'qnz'u
241 1896 450 1979 aeljuneenta
463 1894 850 1978 mihisuppcclitaruul,
869 1898 946 1959 sine
960 1896 1086 1983 quibus

108 2015 160 2076 ad
173 2020 314 2086 metam,
338 2011 376 2072 in
397 2007 461 2073 hoc
477 2009 721 2073 doctrinarum
740 2010 850 2096 quasi
868 2014 985 2076 stadio
998 2035 1085 2100 pro-

84 2133 87 2137 ’
100 2132 274 2218 positam,
290 2132 351 2192 cia
367 2137 431 2192 aut
448 2149 491 2191 ne
508 2129 570 2191 uin
586 2128 985 2214 quidemperuenissem.
1010 2132 1084 2197 Pro

108 2247 236 2335 quibus
258 2245 415 2309 omnibus
434 2244 473 2308 in
491 2265 543 2307 me
562 2250 635 2307 tam
653 2244 804 2330 larqitcr
820 2247 977 2325 collatis,
998 2269 1084 2335 quo-

80 2374 184 2429 'rum
204 2385 339 2428 sumna
354 2359 522 2449 profecto
552 2360 669 2447 major
696 2371 766 2439 cst,
792 2385 896 2451 quam
926 2367 1083 2453 equidem

107 2503 263 2568 unquam
299 2500 460 2566 sperare,
496 2479 623 2543 nedum
654 2489 860 2566 exspectare
887 2489 1083 2570 potuerim,

108 2621 180 2663 nou
201 2607 339 2662 tautum
362 2619 457 2661 nunc
488 2595 585 2661 Vobis
612 2617 656 2659 eu
676 2600 790 2661 animi
807 2603 985 2666 seutentid
1011 2625 1084 2667 mo-

105 2718 218 2782 uimus
236 2719 377 2803 qratias
388 2712 574 2800 persolvo,
596 2733 716 2776 cerum
737 2718 842 2779 etiam
859 2739 910 2782 me
923 2741 994 2805 per
1011 2743 1081 2784 om-

108 2854 185 2897 nem
212 2835 385 2920 reliquam
412 2834 520 2893 cz'tam
554 2829 694 2895 Vestrae
726 2832 987 2919 beneficientiae
1015 2860 1083 2903 mc-

108 2955 253 3016 moriom
281 2954 456 3035 inteqram
484 2957 519 3011 et
548 2946 721 3013 illibatam
740 2961 964 3018 seruaturum
984 2978 1080 3035 esse,

108 3067 273 3154 reliqiose
283 3065 469 3151 polliceor.
503 3064 693 3153 Nunquam
711 3070 798 3134 adeo
817 3073 984 3157 inqratus
1005 3096 1083 3153 ero,

106 3191 146 3247 ut
164 3188 307 3248 nomina
323 3197 520 3258 ssnnnsn,
538 3198 748 3262 cunamen,
772 3205 806 3251 c.
818 3204 971 3266 roam,
986 3207 1082 3255 nnn-

107 3318 235 3379 DMKS,
267 3319 300 3366 F.
319 3317 348 3364 J.
371 3317 446 3365 ΜΝ
464 3317 624 3365 ΜΑΑΝΕΝ
644 3312 679 3366 ct
698 3304 850 3369 aliorum
878 3330 954 3371 cum
982 3314 1085 3394 qruti

105 3421 220 3482 animi
242 3439 350 3483 seusu
374 3440 444 3481 non
465 3441 642 3505 usurpem.
686 3420 884 3510 Numquam
906 3426 993 3490 adeo
1017 3431 1079 3491 im·

100 3538 188 3620 pius
212 3556 289 3610 ero,
324 3544 364 3597 ut
389 3533 618 3601 Academicus
646 3539 858 3626 disciplinae
886 3547 1079 3608 necessitu-

105 3652 237 3726 dinem,
261 3650 439 3740 ltujusque
457 3656 731 3720 necessitudinis
753 3661 980 3723 sanctitatem
998 3682 1078 3724 con·

101 3770 252 3830 lemnam
274 3778 307 3831 et
326 3769 433 3832 nihili
452 3773 490 3832 in
508 3781 689 3855 posterum
709 3777 847 3840 ducam.
899 3775 1077 3863 Quantum

106 3883 326 3950 Clarissimis
347 3887 421 3952 illis
442 3888 716 3974 Professoribus
736 3894 1078 3978 Luqduno-Batuvis
