2596 4718
521 397 585 463 lta

103 580 133 646 l.
156 579 266 647 Prima
282 579 400 648 Classis
419 577 580 644 eontinet
591 577 763 655 animalia,
784 578 956 666 inquibus
971 603 1036 650 neo

58 693 225 778 separatio
250 690 309 756 illa
327 689 507 779 generalis,
535 709 600 754 nec
617 687 772 775 specialis
787 688 901 756 locum
922 691 1035 760 babet.

54 802 96 867 In
130 801 181 867 his
216 802 302 867 enim
341 799 539 864 animalibus
576 799 712 884 quaevis
749 819 927 866 nervorum
958 822 1044 886 parsv

54 912 210 977 inservire
236 920 346 997 potest
370 907 613 986 iunctioribus,
643 919 676 973 et
703 908 820 996 quoad
844 910 974 989 locum,
1002 924 1035 980 et

56 1021 340 1110 quoad-indolem
361 1000 496 1084 omnino
517 1017 663 1085 dirersis.
716 1027 720 1033 '

98 1132 132 1198 2.
157 1130 276 1199 Classis
299 1131 405 1194 altera
423 1148 463 1195 ea
481 1125 695 1214 amplectitur
713 1126 885 1207 emmelis,
905 1129 941 1196 ia
958 1131 1036 1219 qui·

53 1241 118 1309 bus
132 1240 301 1329 specialis,
321 1240 416 1304 trullo
427 1239 688 1327 vero‘generalis
704 1242 872 1326 separatio
881 1241 1038 1310 observa·

51 1361 124 1426 tur.¹
135 1387 181 1400 -
197 1351 354 1435 Qamris
372 1349 493 1415 horum
510 1350 703 1416 animalium
719 1352 890 1419 nervitam
901 1355 1036 1442 organi-

57 1483 115 1529 cas
131 1482 233 1550 quam
246 1459 405 1527 animales
421 1458 610 1525 functiones
625 1471 807 1549 peragant,
824 1463 908 1530 rarii
926 1474 1041 1533 tamen

55 1579 233 1641 nervorum
257 1570 343 1638 rami
360 1569 460 1636 variis
484 1571 637 1656 corporis
649 1569 757 1648 iocis.
785 1571 822 1636 in
843 1571 965 1660 quibas
985 1575 1039 1640 di·

54 1705 148 1751 versa
160 1682 292 1747 ¹adsunt
312 1699 459 1766 organa,
483 1674 639 1744 destinati
649 1689 737 1746 sunt.
759 1714 805 1728 ·—
819 1680 1053 1759 anmsdver.

57 1793 197 1859 tendum
219 1799 350 1864 tantum
368 1797 433 1866 est,
454 1808 520 1854 nec
542 1788 735 1868 animalem,
758 1805 822 1856 aea
845 1791 1040 1879 organicam

54 1904 138 1980 um,
161 1910 199 1965 ut
221 1897 343 1975 credo,
366 1897 402 1961 in
421 1894 513 1963 hisce
532 1898 641 1964 nervis
659 1898 864 1985 praevalere.

62 2046 65 2050 >
101 2013 135 2077 8.
159 2009 268 2075 Tertia
290 2007 407 2076 Classis
426 2007 583 2072 animalia
599 1999 766 2088 continet,
779 2029 1041 2097 quorummasaa

54 2140 176 2187 nervea
196 2118 384 2207 generalem
403 2118 649 2203 separationem
670 2117 780 2184 subire
789 2109 926 2207 incipit,
944 2133 1040 2189 ante·

56 2251 160 2319 quam
181 2229 349 2316 separatio
368 2226 523 2314 specialis
542 2225 683 2293 obtinet.
705 2262 751 2276 —-
772 2227 869 2312 Quae
878 2251 950 2296 non
958 2252 1039 2300 aera

54 2340 238 2428 separatio,
267 2348 302 2404 at
329 2347 459 2403 tanturn
480 2336 691 2405 modificatio
725 2340 944 2424 separationis
971 2343 1041 2410 dici

53 2462 210 2518 meretur.
267 2451 373 2517 llassa
399 2449 488 2515 errim
517 2449 680 2537 organica
706 2462 859 2537 separata
886 2453 1039 2523 nondum
1077 2511 1079 2515 ,

55 2560 273 2650 conspicitur.
318 2554 410 2624 Haec
442 2559 599 2624 animalia
629 2559 766 2646 quidem
794 2562 912 2629 Neruo
929 2586 1035 2664 rago,

55 2695 126 2739 non
152 2684 264 2738 tamen
286 2670 326 2735 N.
347 2668 556 2760 sympathico
569 2668 729 2755 'praedita
750 2680 837 2737 sunt.
957 2729 963 2744 .
987 2678 989 2684 '

100 2782 133 2848 t.
157 2781 211 2847 Ad
229 2789 386 2874 quartam
405 2778 549 2846 Classem
569 2779 727 2845 animalia
747 2779 922 2848 referenda
943 2793 1035 2862 sunt,
1106 2815 1109 2823 ·

52 2893 90 2959 in
115 2891 239 2980 quibus
263 2909 341 2958 vera
367 2890 534 2976 separatio
560 2889 722 2978 generalis
743 2889 882 2976 speciali
902 2912 1038 2978 separa-

53 3003 141 3071 tioni
162 3001 363 3089 praecedere
389 3001 523 3086 incipit.
570 3000 713 3067 Nervam
743 2999 870 3067 babent
897 3022 1036 3091 vagum,

32 3124 255 3199 tenuemque
278 3111 318 3177 tt.
341 3109 596 3198 sympathicum.
979 3095 981 3098 Α

100 3225 134 3290 b.
158 3222 328 3288 Postrema
359 3221 476 3288 Classis
506 3221 656 3286 continet
685 3222 859 3302 animalia,
891 3241 1039 3312 quorum

56 3353 178 3402 nervea
196 3353 301 3397 massa
320 3331 425 3420 magis
441 3331 630 3397 absolutam
661 3334 906 3419 separationem
923 3372 927 3375 ·
936 3355 1037 3424 geue·

53 3446 160 3511 ralem
181 3442 280 3508 subit.
303 3442 513 3520 -Gradus,
542 3463 643 3530 quem
662 3442 785 3508 animal
805 3445 841 3511 in
858 3444 964 3512 hacce
985 3447 1038 3510 ul·

56 3555 139 3621 tima
161 3552 270 3619 Classe
290 3562 419 3631 teneat,
450 3574 469 3618 a
493 3553 621 3618 minore
641 3551 811 3640 majoreve
829 3558 1038 3643 separatione

53 3663 193 3752 speciali
217 3664 395 3749 dependet.

98 3883 153 3950 Ad
167 3887 321 3971 premam
334 3895 374 3951 -et
392 3889 582 3967 secundant
600 3885 743 3953 Classem
765 3885 877 3952 omnia
894 3885 1038 3955 inverte·

54 3995 154 4062 brata
176 3994 246 4082 sine
269 3995 308 4062 N.
331 4005 537 4074 recurrente,
565 3996 610 4062 ad
631 4001 772 4068 tertiam
793 3996 1036 4080 invertabrata,

900 4109 924 4176 8
