2596 4718
207 811 244 874 Si
266 810 340 894 jam
365 823 404 868 ea
424 801 687 887 perpendamus,
720 818 809 887 quae
832 802 868 864 in
897 800 1014 888 Capite
1033 807 1143 889 primo

165 929 201 985 et
229 919 334 981 altero
360 912 458 999 hujus
488 910 651 976 Sectionis
679 909 936 996 disputavimus,
969 913 1140 980 sinervo·

164 1049 239 1093 rum
270 1024 511 1111 separationem
538 1022 690 1106 viresque
728 1022 935 1100 intueamur,
976 1023 1003 1086 si
1037 1044 1141 1109 porro

165 1146 318 1202 mutuum
342 1134 426 1198 illud
456 1133 612 1197 auxilium
640 1132 900 1225 consideremus,
935 1135 1030 1220 quod
1059 1137 1143 1200 alte·

165 1268 240 1310 rum
267 1254 405 1332 systema
423 1264 580 1309 nerveum
605 1242 700 1340 alteri
720 1244 929 1328 suppeditat,
954 1265 1069 1309 revera
1088 1245 1139 1310 fa·

160 1355 227 1418 'teri
255 1354 427 1429 debemus,
462 1353 596 1416 unicam
626 1353 836 1416 solummodo
870 1353 937 1417 vim
970 1356 1141 1441 principa·

163 1472 226 1535 lem
249 1472 380 1557 utrique
399 1469 566 1557 systemati
576 1489 747 1554 praeesse,
774 1473 915 1534 unicum
927 1473 1141 1538 solummodo

165 1583 315 1645 existere
343 1589 512 1647 centrum.
544 1577 686 1640 -Sed
717 1587 868 1641 centrum
893 1579 978 1644 illud
1005 1582 1142 1649 ubinam
1172 1619 1175 1623 ·

164 1689 415 1778 quaerendum?
458 1687 696 1752 Difficillimum
715 1697 781 1765 est,
805 1692 897 1753 certa·
911 1690 997 1775 quid
1015 1689 1081 1756 hac
1100 1693 1143 1758 de
1183 1737 1185 1744 ·

163 1822 199 1865 re
226 1808 379 1882 statuere.
426 1796 493 1861 Sed
514 1796 580 1861 boc
608 1819 669 1883 per
697 1818 730 1862 se
754 1808 864 1882 patet,
890 1810 1040 1864 centrum
1058 1802 1145 1867 illud

162 1895 232 1975 non
255 1910 291 1972 in
316 1917 388 1972 tota
412 1906 556 1972 Medulla
586 1908 706 1992 spinali
727 1929 809 1972 cum
830 1908 1022 1994 Encephalo
1039 1909 1143 1996 junc-

155 2029 198 2083 ·ta
233 2040 301 2082 esse
336 2014 576 2102 quaerendum.
633 2016 744 2079 Talem
773 2019 860 2081 enim
888 2020 1144 2103 explicationem

161 2127 233 2212 ipsa
251 2147 315 2192 vox
336 2135 493 2190 centrum
513 2146 582 2189 non
599 2135 779 2210 pateretur.
826 2129 936 2214 Vulgo
955 2130 1091 2214 quidem
1112 2142 1144 2196 et

163 2237 308 2302 Medulla
333 2236 467 2320 spinalis
496 2245 528 2298 et
555 2235 782 2320 Encephalum
812 2247 962 2301 centrum
989 2238 1146 2303 dicuntur

158 2367 336 2412 nervorum
360 2347 457 2412 Vitae
479 2345 654 2422 Animalia,
686 2356 718 2410 et
744 2347 813 2430 ipsc
840 2348 939 2411 etiam
965 2347 1030 2412 hac
1052 2350 1144 2415 vocis
1206 2336 1208 2346 ¹

162 2455 405 2543 significatione
431 2456 466 2516 in
491 2475 565 2517 mea
587 2456 821 2520 Dissertatione
840 2479 916 2521 usus
936 2479 1017 2523 sum.
1052 2458 1139 2536 Sed,

159 2565 281 2651 siquis
311 2585 426 2629 veram
451 2565 608 2629 vocabuli
641 2565 916 2651 significationem
946 2569 1141 2653 respiciens,

165 2685 315 2739 centrum
341 2694 502 2759 quaerere
527 2674 624 2749 velit,
649 2691 865 2761 nequaquam
884 2676 939 2737 ille
960 2651 1017 2738 aut
1038 2687 1145 2740 totum

166 2782 395 2869 Bucephalum
412 2804 489 2846 cum
502 2783 647 2846 Medulla
666 2784 802 2869 spinali,
821 2795 879 2848 aut
891 2785 1143 2871 Ganglioncoe-

164 2894 288 2958 liaeum
307 2903 470 2980 tanquam
490 2904 641 2958 centrum
662 2893 873 2959 considerare
893 2904 1012 2981 potest.
1059 2896 1144 2959 Nam

162 3003 329 3088 inpriore
354 2999 413 3067 illo
435 3025 515 3067 casu
536 3004 660 3069 Nervus
680 3001 905 3090 sympathicus
931 3004 1141 3069 solummodo

165 3111 425 3178 considerandus
453 3112 540 3177 foret
567 3123 730 3200 tanquam
754 3113 935 3199 Encephali
961 3114 1142 3179 Medullaed
1236 3115 1244 3130 ”

166 3244 232 3308 que
258 3223 393 3307 spinalis
417 3244 551 3300 nervus,
577 3234 610 3288 et
633 3225 668 3289 in
688 3226 794 3289 altero
818 3246 896 3288 casu
915 3224 1059 3290 Medulla
1077 3226 1143 3311 spi*

164 3333 249 3396 nalis
277 3354 354 3397 cum
370 3332 563 3418 Encephalo
583 3335 622 3416 N.
647 3333 845 3421 sympathici
867 3335 975 3399 forent
993 3335 1141 3420 produc*

163 3453 245 3531 tum.
278 3481 322 3494 —-
351 3443 442 3508 llaec
474 3455 544 3509 erat
571 3467 678 3510 umen
708 3445 834 3532 opinio.
858 3485 903 3494 -
933 3445 1000 3510 Res
1030 3455 1142 3510 autem

164 3550 283 3615 eodem
321 3554 425 3632 redit,
464 3576 504 3619 ac
536 3556 562 3619 si
592 3557 666 3643 quis
693 3557 822 3620 Atrium
851 3567 883 3620 et
913 3556 1142 3624 Ventriculum

165 3662 277 3726 cordis
317 3663 468 3730 dextrum
504 3688 568 3753 pro
609 3677 724 3731 centro
756 3665 911 3742 haberet,
945 3662 1143 3749 posthabitis

164 3771 258 3837 Atrio
288 3783 320 3837 et
351 3777 546 3844 Ventriculo
578 3778 724 3853 sinistro,
767 3786 824 3839 aut
852 3778 924 3840 vice
959 3793 1061 3839 versa.
1109 3771 1144 3834 Sl

167 3881 243 3966 quis
273 3883 359 3948 enim
398 3887 624 3952 circulationis
661 3895 811 3950 centrum
842 3883 991 3971 quaerit,
1036 3890 1144 3944 totum

167 4012 305 4077 corrpro
327 4007 443 4065 centro
463 3997 586 4063 habere
609 4007 747 4062 coactus
766 4003 823 4062 est.

137 4094 139 4114 '
989 4099 1029 4163 12
