2596 4718
682 355 745 420 122

218 561 361 628 rumque
388 557 565 605 nervorum
592 536 822 603 conditionem
850 535 894 601 ab
920 537 977 601 illa
1007 535 1208 605 conditione

137 679 140 684 ·
222 652 344 728 centri,
377 649 529 736 (Ganglii,
544 647 719 735 coeliaci),
748 669 858 735 equo
879 649 1126 730 emitterentur,
1151 661 1205 716 at-

219 784 286 851 que
313 762 391 831 vice.
412 779 524 839 versas,
559 769 711 830 centrum
732 779 759 843 a
781 760 908 837 nervis,
931 780 1052 827 nervos
1069 770 1206 846 praete·

219 893 279 941 rea
300 872 349 939 ub.
365 871 444 957 ipsis
463 869 632 957 pertibus,
656 870 780 957 quibus
797 871 958 948 inessent,
984 871 1121 945 omnino
1146 871 1207 938 de·

216 981 378 1070 pendere.¹
407 1014 456 1051 :-
479 980 543 1045 llic
574 980 711 1067 quidem
737 981 884 1047 circulus
908 981 957 1046 ita
983 981 1205 1067 neturopert

218 1093 474 1179 intelligeretur,
508 1101 611 1176 atque
639 1091 776 1156 minime
793 1091 978 1177 perspicio,
1003 1092 1059 1157 oui
1075 1113 1208 1179 propo·

219 1204 290 1269 sito·
303 1190 417 1269 omnes
436 1201 486 1265 illi
503 1221 607 1265 nexus
626 1223 704 1266 oum
723 1201 833 1268 nervis
852 1202 950 1270 Vitae
966 1201 1129 1268 Animalis
1146 1204 1205 1268 in·

219 1313 391 1381 servirent.
411 1345 462 1371 ·-·.
477 1310 627 1378 Fortasse
646 1312 757 1390 dicas,
781 1311 862 1378 ideo
883 1313 972 1399 ipsos
990 1334 1096 1379 nexus
1119 1315 1208 1379 exis·

221 1434 312 1501 tere,
341 1431 379 1489 ut
399 1419 609 1489 harmoniam
621 1421 720 1486 illam
741 1431 775 1486 et
794 1421 1016 1510 sympathiam
1035 1423 1203 1502 efficiant,

219 1554 335 1601 verum
370 1533 460 1597 enim
494 1520 585 1627 vero·
606 1530 731 1598 haecce
757 1531 932 1598 harmonia
946 1542 993 1603 ,et
1016 1531 1206 1620 sympathia

220 1644 323 1711 etiam
347 1642 427 1727 ipsis
439 1642 555 1708 ,nervis
575 1641 671 1710 Vitae
691 1640 899 1728 organicae,
923 1641 1050 1730 ubique
1069 1643 1108 1708 in
1129 1664 1205 1709 eor-

219 1750 304 1839 pore
323 1752 448 1831 obviis,
474 1752 766 1841 constituerentur.
797 1751 867 1829 Illis
886 1762 1016 1830 autem,
1041 1754 1102 1840 qui
1123 1775 1205 1820 oon·

221 1855 508 1940 renunculum
535 1883 658 1929 nexum
686 1862 772 1927 adeo
802 1864 1025 1929 necessarium
1050 1884 1136 1943 esse,
1169 1873 1207 1928 ut

222 1974 323 2039 certis
339 1972 400 2038 sub
418 1971 685 2051 conditionibus,
713 1971 763 2060 (in
777 1972 1099 2062 affeetionenempe
1115 1996 1207 2040 mor·

158 2073 160 2081 ’
220 2082 342 2170 bosa),
364 2083 431 2148 illis
445 2081 616 2169 partibus,
641 2103 729 2170 quae
748 2084 965 2149 solummodo·
973 2106 1096 2151 nervos
1112 2086 1211 2154 Vitae

106 2226 109 2232 ¹
220 2193 438 2281 Vegetetivae
458 2194 649 2279 accipiunt,
673 2194 837 2258 sentiendi
852 2194 1000 2272 facultas
1019 2195 1207 2275 tribuatur,

221 2302 378 2369 lubenter
413 2305 589 2382 assentior,
633 2326 737 2392 quum
771 2293 838 2370 hoo
863 2305 968 2371 modo
1000 2307 1103 2371 etiam
1130 2327 1210 2394 pars

224 2413 365 2480 theseos
384 2435 497 2492 meae,
517 2436 617 2501 supra
642 2426 864 2495 memoratae,
891 2416 1119 2483 confirmetur.
1166 2417 1210 2484 At

222 2543 325 2603 aero,
356 2524 382 2588 si
400 2522 462 2590 -hio
485 2526 603 2591 unicus
620 2525 720 2614 hujus
739 2524 843 2592 nexus
863 2546 986 2613 scopus
1003 2528 1063 2604 sit,
1087 2538 1128 2592 ut
1148 2528 1209 2594 suh

223 2634 323 2700 certis
353 2634 555 2721 quibusdam
586 2637 835 2703 conditionibus
857 2638 951 2703 nervi
976 2639 1075 2707 Vitae
1096 2639 1211 2727 Vege-

223 2744 347 2810 tativae
369 2745 533 2811 sentiendi
561 2746 756 2812 facultatem
781 2748 980 2834 acquirant,
1011 2758 1096 2814 tune
1117 2760 1211 2816 certe

125 2909 127 2913 ,
222 2856 343 2920 mirum
363 2857 471 2922 videri
490 2855 609 2935 debet,
639 2857 729 2924 lruno
753 2880 875 2924 nexum
901 2869 972 2923 tam
995 2860 1212 2947 frequentem

223 2987 309 3044 esse,
329 2967 390 3054 qui
406 2967 433 3031 si
449 2969 558 3033 rarior
576 2976 678 3047 esset,
698 2969 833 3034 eosdem
842 2969 1046 3056 produceret
1056 2968 1211 3050 effectus.

223 3076 280 3141 His
304 3087 479 3162 praeterea
506 3079 661 3156 accedit,
699 3079 795 3166 quod
813 3078 871 3145 ln'c
886 3100 990 3153 nemu
1007 3099 1079 3144 non
1099 3082 1214 3146 solum

223 3205 302 3251 cum
318 3188 427 3253 nervis
445 3189 613 3267 sensoriis,
629 3190 689 3256 sed
700 3191 802 3256 etiam
813 3211 891 3257 cum
909 3194 1029 3257 neruis
1045 3195 1212 3258 motoaa'a's

222 3296 338 3362 locum
358 3295 481 3363 habeat
506 3297 569 3387 (l).

266 3406 301 3470 si
332 3429 435 3472 nexus
461 3409 673 3476 solummodo
686 3412 847 3478 existeret
869 3430 948 3477 cum
965 3411 1078 3478 nervis
1093 3430 1211 3477 senso·

221 3516 297 3595 riis,
329 3528 369 3582 ut
388 3519 620 3586 celeberrimus
637 3543 762 3590 sennen
784 3521 1004 3610 opinabatur,
1029 3531 1113 3588 tune
1130 3523 1209 3611 qui·

223 3626 299 3692 dem
323 3629 460 3694 credere
483 3652 671 3717 possemus,
708 3632 808 3721 hujus
828 3632 932 3701 nemis
953 3649 1206 3720 scopumfesse,

221 3964 295 4037 v¹(l)
315 3964 382 4019 Vin
400 3983 554 4039 nupta-pag.
574 3965 618 4019 72.
648 3982 671 3997 ’·
733 4016 738 4021 .
