2596 4718
629 381 672 445 57

208 666 260 731 Ad
281 687 338 743 ea,
368 684 455 751 quae
485 664 708 749 praecedunt,
735 662 930 746 explicanda
957 666 1131 732 inserviant

165 777 331 861 sequentia
345 799 353 836 ι

152 872 157 885 '
210 883 255 969 l.)
290 882 446 968 Proprios
465 892 575 945 motus
589 892 621 945 et
639 899 785 967 spasmos
797 882 833 945 in
849 882 972 976 ultimo·
984 883 1133 954 animalis

164 993 251 1056 vitae
272 991 397 1068 stadio,
419 1012 458 1055 ex
481 990 664 1059 irritatione
688 989 928 1077 abhincipiente
949 992 1133 1057 inflamma·
1198 1008 1200 1016 ⁴
1230 1006 1234 1013 ·

166 1099 255 1165 tione
277 1110 366 1164 ortos
387 1121 472 1175 esse,
496 1097 660 1162 neminem
682 1097 777 1184 tugis.

152 1278 160 1284 ,
206 1207 255 1296 2.)
288 1208 323 1270 si
348 1208 559 1292 respiciamus
585 1215 693 1270 motus
718 1208 926 1272 solummodo
948 1209 1131 1276 irritatione

164 1317 300 1383 excitari
325 1337 439 1401 posse,
475 1337 607 1381 omnem
633 1315 744 1379 autem
767 1316 971 1392 voluntatem
990 1319 1131 1383 exstine-

162 1420 234 1493 tam‘
258 1447 326 1491 esse
354 1424 462 1512 (quod
485 1424 603 1489 eodem
619 1424 721 1503 modo
740 1423 797 1500 fit,
822 1425 888 1490 sive
910 1447 1012 1490 unum
1029 1428 1132 1491 modo

133 1583 136 1587 -
162 1519 451 1628 hemisphaerium,
470 1507 1134 1621 siveutrumqneremotumsith‚maxime

163 1644 228 1710 hoe
246 1661 428 1732 congruere
447 1654 585 1729 apparet
603 1664 680 1709 cum
698 1641 841 1705 motibus
859 1642 923 1706 illis
944 1649 1131 1712 automata·-

164 1757 234 1832 er's,
269 1754 317 1817 sie
343 1753 458 1829 dictis,
490 1752 550 1838 qui
569 1751 700 1815 stimulo
717 1770 787 1813 nou
804 1760 966 1836 perpetuo
982 1754 1131 1820 excitan-
1239 1754 1244 1767 '

163 1872 233 1938 tur,
259 1853 402 1946 motibus
423 1883 452 1925 e.
476 1882 525 1947 gr.
547 1860 650 1924 iridis.

206 1969 255 2056 3.)
288 1970 418 2041 Animal
446 1971 576 2035 urinam
594 1980 626 2034 et
646 1969 756 2033 faeces
772 1968 889 2035 emisit.
922 1970 1006 2034 Hinc
1025 1990 1129 2055 appa-

134 2117 139 2128 ·
162 2088 229 2156 ret,
262 2089 371 2142 motus
390 2099 460 2142 non
479 2088 607 2144 tantum
627 2078 765 2143 excitari
782 2077 936 2155 stimulis,
960 2078 1040 2142 foris
1058 2081 1142 2144 ani-⁴
1197 2104 1198 2108 ¹

162 2187 241 2252 mali
268 2189 463 2274 applicatis,
497 2189 555 2254 sed
581 2197 616 2253 et
642 2187 809 2254 nonnullis
837 2186 974 2252 stimulis
995 2189 1031 2252 in
1059 2189 1131 2275 ipso

163 2297 311 2363 animalis
332 2317 474 2383 corpore
494 2298 625 2362 exortis.

205 2403 253 2493 4.)
285 2406 332 2470 De
350 2407 442 2484 visu,
475 2388 603 2472 olfaetu
620 2414 653 2471 et
680 2406 815 2483 auditu,
850 2406 943 2472 nulla
962 2406 1131 2473 instituere

160 2513 240 2579 mihi
269 2515 362 2581 licuit
398 2517 621 2601 experimenta
646 2514 724 2579 satis
748 2516 878 2592 valida,
911 2517 971 2580 etsi
996 2517 1131 2581 omnino

159 2624 331 2689 verisimile
350 2635 414 2701 est,
440 2635 472 2689 et
490 2626 594 2689 risum
616 2635 648 2689 et
669 2624 829 2688 olfactum
849 2633 880 2687 et
899 2624 1049 2689 auditum
1070 2625 1129 2689 de·

126 2736 130 2749 ”
162 2741 303 2797 structos
323 2733 430 2800 luisse.
459 2768 505 2782 --
532 2732 664 2797 Animal
690 2730 821 2808 locum,
854 2752 953 2818 quem
976 2732 1127 2820 tenebat,
1203 2737 1208 2747 '

137 2838 252 2904 haud
278 2836 432 2927 reliquit,
464 2841 527 2904 nisi
559 2842 681 2905 stimuli
707 2834 852 2919 directe,
875 2840 897 2904 i.
921 2861 949 2904 e.
970 2840 1005 2904 in
1025 2841 1131 2926 ipsam

94 3020 97 3027 ,
160 2951 310 3036 corporis
327 2951 553 3035 superficiem,
579 2949 825 3022 adhiberentur.
846 2947 892 2997 ‘-
915 2948 1057 3030 Quinam
1076 2972 1132 3017 ve-

160 3079 198 3124 ro
226 3058 348 3123 stimuli
366 3061 497 3124 dat-ecte
515 3060 613 3137 risui,
638 3058 780 3123 olfactui
797 3069 854 3122 aut
874 3057 1002 3123 auditui
1021 3060 1129 3145 appli-

149 3169 260 3256 eandi
285 3168 419 3232 fuissent
428 3171 447 3261 'l
476 3180 533 3234 aut
554 3169 726 3255 quomodo
745 3168 815 3254 ipse
830 3168 961 3233 -Nervus
980 3169 1127 3255 opticus,
1170 3220 1175 3224 .
1277 3222 1280 3228 .

160 3278 353 3341 olfactorius
372 3287 405 3341 et
432 3279 615 3343 auditorius
635 3277 757 3342 irritari
775 3279 980 3363 potuissent?
1024 3279 1131 3344 Motus

160 3384 344 3462 observati,
378 3397 414 3451 ut
438 3388 581 3452 sonitum
610 3389 781 3452 fortiorem
807 3388 964 3474 effugeret
988 3387 1126 3465 animal,

141 3494 271 3580 ‘forsan
296 3497 455 3582 explicari
482 3508 618 3583 possunt
646 3519 686 3562 ex
709 3496 894 3562 irritatione
918 3497 1128 3572 membranae

159 3606 307 3690 tympani
325 3616 357 3669 et
374 3595 506 3670 illorum
525 3591 719 3682 nervorum,
745 3607 804 3694 qui
822 3617 955 3693 praeter
973 3608 1013 3672 Ν.
1033 3628 1129 3671 aeus·

90 3775 92 3779 ,
160 3713 282 3790 ticum,
319 3735 431 3780 aurem
458 3727 586 3802 petunt.
642 3717 747 3780 Simili
776 3718 905 3782 ratione
940 3716 1127 3781 contractio

159 3821 251 3901 iridis
287 3824 484 3909 explicanda
515 3835 580 3902 est,
615 3825 799 3891 irritatione
826 3825 952 3890 seilicet
978 3824 1016 3888 N.
1047 3813 1125 3887 een-

158 3929 249 4004 tralis
289 3943 320 3995 et
356 3932 466 3998 forsan
507 3935 605 3998 etiam
635 3933 746 3999 Nervis
785 3931 951 3998 ciliaribus
979 3931 1124 4013 stimula·
