2596 4718
623 373 681 441 171

169 554 425 643 sympatbieum,
444 553 595 640 quamvis
610 570 681 618 nun
696 573 809 620 omnes
817 554 901 621 vires
910 558 1067 626 animales
1076 581 1139 630 nee

168 686 292 743 massa,
334 667 389 729 cui
420 662 555 751 proprie
582 663 700 728 insitae
728 674 818 743 sunt,
848 667 1000 733 evolutae
1019 669 1139 740 adsint.

170 778 244 841 Non
275 784 385 860 potest
418 795 486 839 sese
518 773 668 838 evolvere
700 774 890 853 cerebrum,
933 778 984 843 ni-
1002 780 1143 847 multum

167 888 266 951 fallor
290 884 360 972 (l),
385 885 448 948 nisi
466 884 558 970 prius
574 885 732 948 exstiterit
750 886 791 949 N.
803 885 1055 972 ,sympatbicus,
1078 894 1144 975 po}

167 1007 228 1061 test
259 996 361 1082 igitur
389 995 526 1059 omnino
547 994 582 1057 in
607 994 717 1059 media
742 1015 801 1060 sua
819 997 1007 1062 evolutione
1024 997 1144 1064 subsis-

168 1117 236 1172 tere
253 1125 361 1169 massa
381 1105 428 1169 ita
452 1105 543 1169 dicta
563 1104 729 1193 animalis,
754 1105 889 1171 evoluto
901 1106 976 1192 jam
995 1108 1143 1196 N..sym-

168 1214 319 1301 pathice.
343 1249 387 1262 -

212 1325 323 1405 Quum
338 1334 446 1388 autem
466 1344 573 1389 massa
591 1343 711 1391 nervea
730 1322 827 1404 Vitae
846 1323 1021 1405 Animalis,
1043 1328 1143 1396 etiam

165 1443 240 1518 post
276 1436 518 1520 separationem
556 1443 626 1499 tam
651 1453 825 1519 magnam,
856 1446 983 1502 exserat
1014 1439 1080 1504 vim
1106 1441 1143 1505 in

166 1564 306 1607 massam
333 1564 490 1609 nerveam
514 1542 611 1612 Vitae
639 1541 843 1628 organicae,
878 1558 1002 1631 sponte·
1021 1549 1144 1615 intelli·
1239 1572 1243 1585 ’

169 1654 274 1740 gitur,
308 1653 577 1728 massamillam,
609 1673 679 1717 non
699 1653 848 1737 perfecte
867 1656 1051 1735 evolutam,
1074 1678 1151 1726 non.

165 1783 262 1847 posse
282 1783 362 1828 earn.
374 1764 441 1828 vim
457 1762 536 1827 huic
556 1781 683 1825 massae
698 1761 882 1846 impertire,
908 1787 1011 1852 quam
1031 1768 1147 1834 tribuit

99 1907 104 1918 ·
164 1871 235 1955 ipsi·
256 1889 362 1934 massa
393 1891 513 1937 nervea
543 1870 641 1937 Vitae
669 1869 844 1949 Animalia,
880 1873 977 1960 cujus
998 1877 1145 1942 evolutio

167 1980 229 2044 rite
252 1981 424 2064 procedit3
455 1991 488 2044 et
516 1978 582 2045 bo‘c
605 1979 716 2043 statim
734 1981 835 2044 etiam
851 1982 969 2069 liquet.
1015 1986 1147 2052 Namsi

164 2099 305 2175 systema
324 2110 501 2154 nervorum
521 2090 755 2176 organicorum
774 2111 887 2177 perse
908 2095 1046 2160 existere
1064 2117 1144 2183 pos·

164 2209 230 2276 set,
254 2214 324 2264 non
341 2211 544 2285 cooperante
559 2210 733 2287 systemate
748 2221 925 2268 nervorum
946 2206 1044 2273 Vitae
1062 2205 1143 2271 Ani·

162 2311 274 2386 malis,
308 2321 389 2374 tune
421 2332 528 2398 aeque
555 2311 639 2375 bene
665 2332 763 2397 agere
788 2311 943 2390 deberet,
976 2336 1047 2380 non
1064 2336 1143 2381 evo·

159 2421 233 2483 luta
251 2440 357 2483 massa
378 2422 524 2486 animali.
570 2422 610 2486 Et
628 2422 712 2507 quid
731 2422 858 2486 obtinet
872 2423 908 2488 in
922 2422 1141 2513 Aceplralis?

158 2529 251 2610 Quot
280 2541 495 2617 quantaeque
528 2531 766 2596 abnormitates
795 2532 1013 2600 observantur
1038 2537 1074 2602 in
1101 2536 1142 2602 iis

164 2639 331 2726 partibus,
376 2641 498 2726 quibus
526 2641 574 2706 vis
602 2641 761 2727 organica
782 2642 969 2727 praecipue
999 2644 1143 2713 insidet?

161 2748 302 2835 vseraper
330 2759 441 2834 partes
466 2749 634 2834 quaedam
669 2754 894 2814 momentosae
920 2760 978 2814 aut
1007 2771 1142 2836 prorsus
1246 2754 1249 2761 '

161 2854 299 2937 desunt,
337 2869 395 2923 aut
425 2860 607 2924 admodum
627 2869 701 2924 sunt
719 2860 943 2945 imperfectae.
993 2859 1142 2928 Tractus

159 2973 381 3036 interlinealis
400 2993 617 3058 nequaquam
634 2971 801 3057 perfectus
811 2971 986 3037 invenitur.
1018 2971 1143 3057 Iispar

163 3091 220 3145 aut
240 3082 331 3146 deest
351 3103 500 3167 prorsuS,
526 3091 584 3146 aut
606 3082 632 3145 si
651 3081 830 3158 invenitur,
859 3081 968 3167 (quod
989 3078 1137 3170 rarum),

159 3192 196 3257 in
216 3180 332 3256 infimo
348 3179 545 3257 evolationis
564 3190 680 3256 ordine
698 3189 841 3255 subsistit
862 3187 925 3277 (2).
949 3191 1141 3256 Pulmooes

162 3311 195 3364 et
226 3291 297 3367 Cor
318 3301 386 3365 lere
408 3321 537 3387 semper
564 3301 802 3366 desiderantur.
848 3278 1008 3366 Maeonii
1022 3299 1139 3365 admo·

154 3411 244 3476 'dum
263 3421 378 3476 tenues
398 3422 488 3490 sunt,
514 3421 578 3477 etc.
613 3399 615 3403 ¹

194 3728 236 3798 (1)
257 3729 338 3783 Cous.
357 3752 437 3802 supra
454 3753 512 3804 pag.
532 3734 592 3786 114.

193 3812 236 3885 (2)
257 3813 401 3871 Contendit
426 3820 501 3872 solua
525 3826 836 3881 scaaannnttntttttts,
862 3832 890 3868 se
917 3813 1001 3884 beprr
1027 3810 1143 3883 perfecte

256 3899 396 3953 evolutum
412 3903 553 3963 inveniare.
588 3901 666 3956 Cant.
685 3912 956 3965 scannnnarrrrsn,
983 3901 1038 3968 epta.
1058 3899 1141 3950 Arai.

253 4001 309 4040 our.
326 3991 386 4042 nat.
