2596 4718
639 390 699 456 179

213 577 244 641 3.
293 573 436 639 Nervum
462 570 708 658 sympathicum
736 590 805 634 noa
825 591 926 656 posse
947 575 1070 651 evolvi,
1092 574 1152 640 nisi

161 687 236 774 jam
256 682 404 749 adsitN.
430 682 552 769 Vagus.
1124 751 1128 765 ⁸

210 795 244 860 4.
269 793 441 881 cogitetur
471 792 617 880 denique
635 792 830 878 primariam
849 794 888 858 N.
909 795 983 880 vagi
1003 796 1149 862 iunctio·

167 927 245 986 pem
278 924 361 981 esse,
396 913 434 967 ut
470 903 722 989 respirationem
756 913 866 991 regat3
899 906 1149 990 respirationem

170 1025 281 1079 autem
310 1012 508 1078 animalibus
536 1033 661 1078 summe
690 1033 758 1078 esse
787 1015 1023 1092 necessariam,
1062 1014 1150 1080 hanc
1207 1051 1210 1060 ·

167 1125 375 1190 functionem
401 1124 481 1210 ipsis
503 1124 634 1209 privam
663 1134 697 1189 et
715 1124 922 1189 individuam
945 1126 1047 1193 vitam
1068 1147 1151 1192 oon-

168 1235 282 1301 ciliare
307 1244 343 1300 et
372 1245 442 1300 tam
469 1233 514 1299 ad
534 1234 725 1320 sphaeram
742 1235 955 1321 organicam,
980 1257 1083 1322 quam
1105 1238 1150 1301 ad

168 1346 347 1410 animalem
361 1342 364 1349 ⁴
378 1344 561 1431 pertinera3
594 1344 846 1430 respirationem
875 1346 987 1414 Vitam
1016 1346 1152 1411 Anima·

166 1457 232 1520 lem
261 1477 338 1520 cum
362 1454 440 1524 Vita
463 1453 630 1542 Organica
658 1455 834 1540 perspicue
864 1456 1070 1544 conjungere
1101 1467 1179 1522 at·-

130 1596 132 1604 ·
167 1587 234 1653 que
261 1576 425 1652 tanquam
445 1564 619 1628 transitum
641 1584 661 1627 a
683 1563 922 1628 Functionihus
948 1565 1154 1631 Animalibus

170 1675 215 1739 ad
240 1673 445 1761 organicas,
463 1684 524 1741 aut
540 1674 613 1740 vice
633 1695 746 1751 versa,
773 1694 841 1738 esse
861 1673 1151 1742 considerandum.

213 1785 246 1846 5
270 1783 305 1845 Si
333 1784 408 1871 quis
428 1804 531 1869 porro
563 1784 599 1848 in
618 1783 811 1848 memoriam
831 1793 985 1861 revocat,
1011 1794 1154 1871 quantas

169 1901 281 1978 partes
300 1893 423 1958 Nervus
440 1914 544 1980 vagus
566 1893 837 1979 indigestionem
860 1903 962 1978 atque
982 1893 1152 1957 circulati·

168 2022 267 2066 onem
294 2011 392 2088 agat,
424 2014 458 2069 et
484 2002 673 2071 considerat
691 2011 859 2088 postremo

213 2106 246 2170 6.
278 2106 392 2191 Ipsum
419 2107 513 2172 illum
543 2130 680 2175 nervum
705 2112 861 2195 pra'mam
892 2133 987 2189 esse,
1024 2116 1090 2199 qui
1113 2115 1152 2174 in

159 2213 271 2302 foetu
304 2225 412 2298 nato,
454 2219 505 2282 ad
538 2222 711 2283 actionem
744 2219 947 2284 stimuletur
975 2219 1025 2307 (l)
1066 2231 1151 2284 caet.

111 2334 113 2341 '
155 2323 358 2412 fatendam
387 2334 485 2392 certe
515 2337 584 2405 est,
609 2327 703 2393 hunc
724 2351 871 2395 neroum
894 2353 912 2395 e
935 2331 1011 2396 loco
1035 2334 1149 2395 orien-

168 2436 253 2499 dum
287 2457 380 2513 ease,
416 2440 481 2523 qui
512 2436 611 2503 locus
636 2460 704 2525 pro
739 2446 858 2504 centro
891 2439 1072 2506 habendus
1096 2448 1151 2505 est

169 2547 298 2609 vinium
321 2554 356 2610 et
378 2545 588 2611 animalium
612 2554 647 2611 et
671 2552 933 2633 organicorum.

214 2652 371 2740 Objicere
401 2656 475 2742 quis
505 2665 632 2741 posset,
666 2656 823 2740 persectis
848 2656 882 2719 in
905 2659 1041 2745 regione
1072 2661 1152 2723 colli

169 2763 256 2828 binis
279 2765 318 2828 N.
343 2766 381 2829 N.
406 2766 512 2853 vagis,
538 2766 790 2852 respirationem
807 2767 961 2832 nonalia
981 2767 1024 2832 de
1051 2788 1151 2832 causa

168 2875 383 2960 interrumpi,
415 2897 522 2964 ,quam
550 2877 711 2963 quoniam
740 2877 851 2954 nervi,
884 2877 943 2964 qui
970 2878 1075 2941 motui
1100 2879 1150 2942 la·
1211 2950 1213 2957 ,

170 2984 282 3071 ryngis
297 2995 472 3071 praesunt,
498 2985 625 3074 quique
645 3008 664 3050 a
682 2988 790 3052 Nervo
809 3008 994 3053 accessorio
1003 3008 1149 3056 tuamen

172 3093 338 3190 oriuntur,
363 3095 399 3159 in
423 3116 482 3160 sua
505 3097 638 3162 actione
661 3095 871 3162 turbantur.-

213 3182 325 3289 Ipsam
345 3206 528 3270 Nervorum
549 3227 710 3294 vagorum
740 3206 907 3272 actionem
931 3177 1062 3294 penitus
1081 3229 1150 3272 non

170 3311 297 3378 turbari
325 3313 431 3379 hacce
459 3318 670 3402 operatione,
703 3318 820 3405 negari
849 3318 986 3404 quidem
1014 3320 1146 3407 nequit,

169 3423 230 3486 sed
256 3418 389 3488 minime
416 3424 679 3492 obliviscendum
692 3437 763 3504 est,
788 3440 941 3513 persecto
959 3430 995 3494 in
1015 3430 1150 3517 regione

171 3533 251 3597 colli
272 3534 311 3598 N.
334 3555 436 3622 vago,
463 3538 621 3623 copulam
643 3547 754 3603 tamen
774 3559 943 3605 remanere
962 3541 1048 3604 inter
1068 3541 1149 3603 Ner-

171 3663 230 3708 vus
248 3641 493 3732 pharyngeum,
518 3647 712 3734 laryngeum
734 3650 934 3732 superiorem
956 3658 988 3712 et
1008 3649 1150 3713 Nervam

202 3917 245 3988 (1)
265 3915 342 3988 Quae
366 3918 437 3970 actio
455 3936 539 3987 aeque
557 3918 590 3969 ad
611 3916 700 3972 Vitam
719 3881 869 3970 Animalem
886 3934 916 3969 ac
934 3915 968 3966 ad
987 3913 1077 3968 Vitam
1096 3914 1154 3968 Or-

265 4004 382 4072 ganicam
400 4003 523 4071 pertinet.
543 4032 576 4046 -
593 4003 673 4057 Cous.
692 4021 772 4073 sopra
790 4021 848 4072 pag.
869 4003 926 4056 158.
947 4000 1031 4081 Nota.

971 4094 1036 4159 12*
