2596 4718
722 370 765 437 92

173 601 177 609 ·
264 556 426 642 perfecte,
474 553 508 617 in
546 551 666 639 quibus
701 551 795 616 hicce
827 572 944 617 nervus
972 555 1088 618 revera
1117 573 1230 640 purtim

266 674 314 730 est
343 664 506 730 evolutus:
541 663 690 746 exemplo
718 662 781 726 sint
802 661 918 746 pisces.
940 695 986 708 -
1007 661 1077 729 Sed
1094 661 1171 749 ipse
1187 664 1231 731 cl.

264 778 411 838 munuum
444 771 545 838 verba
577 772 665 836 clare
693 769 889 847 ostendunt,
929 771 1010 835 alias
1040 771 1149 837 etium
1174 772 1231 837 ol)-

186 901 192 912 ·
256 881 421 969 jectiones
450 892 567 947 contra
595 880 696 965 ipsius
731 872 927 943 sententiam
955 879 1102 966 proferri
1129 900 1231 966 posse.
1291 940 1294 945 ,

205 1056 211 1071 ,
262 991 317 1055 Ait
340 991 425 1055 enim
453 991 488 1055 in
514 990 580 1054 fine
607 990 694 1054 illius
720 988 970 1073 disputationis:
1005 987 1233 1057 ›Gleiohwoltl

156 1126 159 1131 ’
263 1099 405 1165 »dritten
431 1099 495 1166 wir
523 1097 615 1164 nicht
644 1099 847 1163 unterlassen
865 1118 907 1160 zu
929 1095 1129 1175 hemerken,
1163 1098 1233 1163 duss

263 1207 395 1284 >dieser
416 1207 520 1273 Nerve
546 1205 640 1270 nicht
671 1206 755 1271 tiber
783 1206 837 1270 die
866 1204 970 1270 obern
992 1205 1234 1293 Gallengetsne

264 1298 425 1401 »verfolgl
461 1315 599 1382 werden
636 1315 749 1392 kann,
793 1314 864 1378 und
904 1314 978 1379 dass
1015 1313 1078 1379 das
1112 1312 1235 1402 system

263 1424 344 1490 sdes
367 1423 613 1489 Buuclimarkes
640 1422 880 1500 allenthalhen‚
916 1420 1003 1488 euch
1023 1422 1234 1490 unsehnlielte

263 1532 365 1598 »aber
409 1532 604 1598 knotenlose
643 1533 774 1619 Zweige
812 1531 888 1596 dem
931 1531 1136 1611 Darmoonel
1173 1532 1232 1597 ab·

222 1720 228 1729 ⁸
260 1641 407 1730 »glebl.”
971 1664 977 1671 ”
1102 1626 1106 1637 ¹

271 1774 274 1779 ·
305 1749 341 1817 Si
359 1752 474 1838 itaque
491 1752 530 1817 N.
550 1760 774 1817 recurrentem
797 1771 1093 1819 swnussunumm
1113 1770 1176 1839 pro
1192 1750 1230 1817 ll.

259 1861 360 1947 Vego.
373 1858 546 1938 habemus,
576 1861 686 1925 omnia
710 1859 795 1923 inira
819 1858 963 1924 dicendo
984 1858 1119 1925 lucilius
1136 1861 1231 1925 etium

259 1969 487 2054 intelligemus.
919 1974 921 1981 ⁴

305 2187 502 2274 Priusquam
529 2208 607 2254 vero
642 2188 777 2254 ulterius
811 2189 1107 2274 integumentum
1129 2207 1233 2253 meum

261 2296 429 2382 inquiram
462 2296 504 2361 de
539 2296 646 2362 Nervo
675 2298 770 2384 Vago
795 2276 962 2383 quaedam
990 2295 1233 2383 praemittendo

260 2403 424 2473 ridemur.
452 2434 455 2439 ·

305 2513 394 2578 »Der
422 2514 702 2593 Stimm-llerve,”
740 2516 799 2602 (ita
827 2517 908 2582 dicit
931 2515 1138 2583 Clarissimus
1162 2536 1234 2581 ns·

226 2634 230 2644 ’
261 2644 333 2700 utus
354 2621 441 2711 (1)),
468 2625 530 2689 »ist
548 2610 726 2712 gleichsam
744 2626 798 2689 ein
809 2622 1063 2703 zechlei-nervo}
1084 2625 1149 2691 der
1161 2644 1234 2689 sum

263 2731 375 2797 ‚Theit
404 2734 464 2801 der
491 2733 699 2811 Animalitdt‚
735 2756 811 2799 zum
833 2733 924 2799 Theil
946 2735 1006 2800 der
1026 2733 1159 2825 Plustik
1178 2754 1233 2799 tn·

262 2840 435 2928 »gehdrt’f
469 2877 514 2890 -
545 2843 664 2908 Paucis
690 2842 780 2908 hisce
802 2843 929 2921 verbis,
952 2864 1007 2908 me
1025 2843 1168 2930 quidem
1181 2843 1235 2932 ju·

262 2949 354 3028 dice,
379 2959 450 3015 tota
471 2953 569 3019 Nervi
589 2954 799 3041 vaginatum
818 2963 850 3018 ct
869 2953 999 3018 indoles
1018 2933 1232 3028 describitur,

261 3078 338 3124 veru
367 3069 442 3125 sunt
470 3061 528 3125 illa
559 3062 679 3140 verba,
713 3063 773 3129 etsi
799 3063 976 3128 recentiori
1005 3072 1160 3149 tempore
1179 3062 1234 3127 de-

261 3178 479 3234 monstratum
498 3171 557 3248 sit,
580 3173 722 3238 Nervum
739 3195 860 3260 vagum
876 3173 982 3237 motui
998 3170 1234 3238 animalihoud

260 3296 426 3362 proeesse,
459 3280 508 3343 uti
536 3282 695 3347 credebat
717 3284 765 3349 Cl.
790 3304 932 3349 nmmos.
954 3319 1001 3330 ·—-
1021 3282 1234 3348 Doctissimus

261 3405 431 3449 nnnounus
469 3386 539 3475 (2),
587 3392 647 3477 qui
688 3394 882 3458 sententiam
930 3392 1108 3478 concepit,
1158 3391 1234 3456 Ner-

260 3513 338 3558 vum
371 3514 492 3581 vagum
528 3519 623 3564 sensu
649 3483 802 3581 animali',
842 3503 934 3568 nulla
969 3522 1048 3569 vero
1079 3497 1234 3567 movendi

292 3792 334 3865 (Ι)
352 3795 432 3848 conf.
451 3796 471 3848 l.
489 3814 513 3849 c.
531 3815 590 3867 pag.
607 3798 668 3851 203.
728 3821 734 3826 ·

288 3877 331 3948 (2)
351 3877 430 3932 Cont.
457 3893 598 3947 eunoun,
625 3885 673 3961 dec
696 3884 834 3952 Kopsttcil
859 3885 902 3937 des
929 3888 1097 3952 etquattuor
1120 3886 1234 3941 ΝΜ·

349 3969 460 4031 systema
478 3966 543 4026 heim
561 3967 712 4034 Meneclem,
732 3985 789 4036 pag.
809 3968 860 4021 148
877 3985 938 4037 sqq.
