2596 4718
632 336 728 409 ,79-

189 528 301 593 vocari
319 546 431 612 posse,
462 533 571 588 motus
591 533 701 587 tamen
721 521 808 617 bunc
829 539 956 586 sensum
974 542 1043 587 non
1061 519 1144 589 'sam-

139 707 141 711 ,
186 659 246 724 per
263 635 448 703 necessario
468 633 666 720 insequitur,
699 646 808 718 nequo
825 633 943 696 relatio
963 633 1040 710 illa,
1060 654 1146 722 quae

186 749 272 812 inter
299 745 397 811 hasce
423 744 522 812 Vitae
547 741 703 832 Animalia
723 742 919 806 anotiones
937 736 1145 820 observatur,

186 876 206 920 a
224 867 372 941 tempore
390 853 538 940 quodam
549 846 724 937 dependet.
747 849 890 914 -Uaec
908 871 986 917 vero
998 849 1148 916 conditio
1212 895 1214 898 -

185 987 295 1030 rursus
323 974 459 1051 quoque
490 962 647 1048 explicat,
671 980 772 1046 quam
800 960 844 1024 ob
865 973 935 1024 ram
952 961 1049 1028 Vitae
1068 961 1150 1026 bui-
1177 942 1180 946 ‚

186 1075 279 1138 malis
300 1071 550 1150 Functionibus,
576 1071 704 1135 duabus
720 1070 798 1146 illis,
829 1071 934 1133 motui
952 1080 1054 1157 atque
1072 1066 1145 1136 aab·
1195 1127 1198 1136 .

185 1185 250 1261 sui,
271 1183 403 1270 singulis
418 1182 546 1268 proprii
564 1181 613 1244 sui
629 1181 733 1245 dicati
751 1179 814 1245 sint
827 1179 1064 1256 conductores,
1089 1178 1150 1265 qui

186 1313 389 1380 quamquam
417 1313 520 1355 unum
544 1299 694 1355 centrum
722 1287 859 1366 habent,
887 1289 935 1352 ita
960 1298 1036 1352 sunt
1057 1304 1151 1353 com·

184 1401 308 1485 parati,
341 1409 377 1486 ut
408 1400 464 1462 alii
493 1398 559 1462 hoc
585 1408 734 1463 centrum
754 1386 837 1462 cum·
847 1397 972 1463 mundo
993 1407 1144 1476 externo,

185 1509 240 1572 alii
265 1529 343 1575 vero
371 1508 530 1573 mundum
559 1517 727 1571 externum
756 1526 832 1569 cum
860 1486 974 1570 centro
1006 1506 1148 1593 conjun·
1183 1516 1186 1520 ’

183 1626 273 1704 gant.
303 1652 348 1663 -
379 1615 543 1681 Animulas
568 1613 764 1679 lunationes
788 1613 1010 1699 peculiaribus
1025 1616 1147 1701 magis,

182 1727 359 1812 organicae
390 1734 507 1789 contra
536 1723 695 1788 obediunt
728 1723 984 1810 generalioribus
1008 1732 1148 1788 naturae

181 1833 326 1920 legibus,
360 1853 448 1920 quae
472 1833 620 1919 quodam
646 1842 735 1897 certe
750 1842 908 1917 ,respeotu
928 1832 964 1894 tn
980 1830 1148 1919 tcgctabi*

180 1943 266 2007 libus
288 1943 362 2029 jam
387 1941 611 2007 observentur.
643 1969 688 1990 -ω
721 1940 795 2021 Quo
825 1942 1042 2027 generaliores
1069 1951 1150 2007 lero

180 2053 267 2140 leges
288 2063 381 2143 sunt,
405 2072 492 2137 quae
509 2061 647 2115 naturae
666 2070 807 2136 corpora
826 2059 959 2136 regtmt,
985 2070 1026 2114 eo
1042 2052 1148 2115 rarius

182 2162 423 2226 aberrationem
452 2161 504 2226 val
535 2160 763 2225 alterationem
781 2160 962 2246 patiuntur.-
994 2195 1039 2206 -
1068 2158 1149 2225 Ubi-

180 2292 259 2336 nam
286 2271 322 2334 in
347 2272 416 2336 rita
445 2272 603 2357 organica
628 2269 777 2334 materici
801 2271 1001 2356 permutatio
1022 2269 1148 2356 absque

179 2391 276 2445 motu
292 2380 421 2466 percipi
437 2383 569 2466 potest?
592 2380 731 2445 Ubinam
749 2388 858 2444 motus
878 2381 1053 2467 organicus
1071 2379 1147 2442 aba»

180 2510 247 2576 que
266 2490 413 2555 materiei
433 2491 702 2577 permutatione?
740 2488 879 2553 Ubinam
903 2490 939 2553 in
965 2489 1148 2554 Functione

178 2606 326 2693 quadam
346 2608 503 2694 organica
530 2607 715 2671 alterutrius
737 2587 855 2670 barum
873 2605 1070 2670 facultatum
1094 2604 1148 2669 in.
1177 2645 1183 2656 s

180 2716 338 2780 termissio
367 2714 517 2780 obtinere
543 2716 675 2801 potest?
697 2750 741 2762 -
762 2713 987 2791 Ventriculus,
1020 2708 1149 2778 intecti*

179 2843 239 2902 na,
263 2841 342 2892 rasa
363 2825 584 2911 lymphatica,
608 2844 729 2900 venae,
754 2808 827 2903 cor,
853 2802 1009 2900 arteriae,
1035 2830 1145 2887 caete-

178 2955 283 3022 raque
311 2935 422 2998 omnia
452 2955 592 3021 organa,
626 2954 669 3000 an
695 2946 764 2999 non
789 2929 1150 3009 continuomotenlur

179 3053 212 3108 et
243 3045 394 3109 mutant?
435 3043 575 3108 Ubinam
605 3055 713 3109 motus
742 3046 791 3115 illi
817 3046 1036 3131 peraguntur,
1056 3044 1147 3130 qui-

178 3151 240 3219 bus
259 3174 328 3218 non
347 3154 404 3217 alii
421 3154 500 3219 novi
518 3163 626 3218 motus
644 3155 878 3241 insequuntur,
904 3174 1025 3219 novam
1040 3164 1145 3219 mate·

176 3260 237 3343 riei
257 3263 533 3346 permutationem
558 3265 759 3329 efficientes?
786 3243 977 3357 Utrumque*
996 3263 1145 3348 phaeno-

175 3390 297 3435 menon
325 3373 361 3436 in
388 3394 488 3438 unum
514 3374 649 3439 omnino
674 3374 826 3451 confluit,
856 3385 1032 3459 utrumque
1063 3394 1147 3437 oon·
1213 3433 1216 3444 ,

177 3480 372 3545 ductoribus
391 3481 537 3568 ejusdem
558 3483 681 3548 ordinis
702 3483 842 3570 regitur3
866 3484 1001 3547 unicum
1020 3482 1143 3546 solum·

175 3590 278 3655 modo
308 3612 482 3657 nervorum
507 3594 655 3658 ordinem
684 3593 744 3658 sibi
769 3593 941 3679 proprium
965 3591 1076 3674 habet.
1100 3626 1144 3636 -

175 3697 244 3775 llos
272 3710 380 3788 autem
408 3702 504 3769 Vitae
530 3702 714 3791 Organicae
733 3724 851 3769 nervos
877 3723 897 3767 a
922 3701 1028 3767 nervis
1047 3699 1166 3773 Vitae.

143 3853 150 3889 3
175 3808 335 3876 Animalia
362 3811 508 3891 differre,
550 3835 647 3879 nemo
677 3813 805 3878 inficias
832 3813 903 3903 ibit.
958 3811 1039 3877 Cum
1065 3808 1143 3871 situs

175 3928 246 3984 tum
277 3906 431 3988 decursus
459 3935 491 3989 et
518 3936 681 3992 structura
707 3944 882 3990 nervorum
912 3921 977 3987 boo
1007 3919 1143 3984 omnino
