2596 4718
605 327 668 416 1'3'2

159 551 257 625 qoem
283 535 407 599 sonitus
435 534 566 620 gravior
590 533 717 610 intulit,
752 552 813 598 neo
840 532 882 600 N.
911 529 1125 619 olfactantes

155 665 222 731 per
234 648 275 708 se'
286 642 481 728 pernitiosos
497 641 625 706 indicat
640 641 794 719 effeetus,
818 663 904 728 quos
922 644 1010 708 male
1030 644 1124 708 olen·

156 754 203 818 tia
231 752 359 837 saepius
386 761 584 835 provocant.
597 788 651 801 ....
672 751 712 815 ln
739 752 838 815 ooulo
856 751 958 816 'dolor
976 773 996 816 a
1013 752 1127 817 Nervis

126 838 130 848 ⁸
157 859 325 928 oiliaribus
351 861 532 947 praecipue
561 860 797 947 proficiscitur.
841 859 882 925 In
912 882 999 926 oure
1026 879 1125 947 prae·

156 971 266 1036 sertim
279 969 432 1034 nonnulli
453 970 536 1033 rami
556 970 595 1052 N.
619 969 659 1034 N.
682 969 811 1059 laoialis
827 978 859 1033 et
870 967 1125 1058 glossopbaryn·

158 1081 226 1168 gei,
267 1080 380 1144 forsan
419 1097 556 1164 quoque
595 1078 748 1145 Chordae
784 1076 935 1166 tympani
973 1079 1130 1143 custodes

154 1188 304 1255 nuatodis
336 1187 409 1251 dict>
435 1197 611 1252 merentur.
667 1188 708 1252 ln
736 1211 826 1252 noro
854 1188 952 1254 Nervi
986 1185 1127 1252 etbmoi·

158 1298 268 1372 dales,
299 1293 427 1359 nauales
451 1295 666 1380 posteriores,
697 1297 879 1382 superiores
905 1305 939 1360 et
956 1295 1128 1360 inferiores

94 1419 98 1426 ·
159 1414 192 1470 et
220 1403 276 1468 alii
299 1405 400 1480 rami,
428 1425 447 1467 e
475 1405 514 1468 N.
546 1404 719 1491 trigemino
746 1404 896 1482 oriundi,
924 1402 1024 1469 rebus
1041 1403 1127 1468 male

158 1495 322 1578 olentibus
343 1512 541 1577 afficiuntur.
825 1584 832 1597 .

204 1622 240 1686 Si
272 1619 362 1686 bisce
403 1642 555 1686 sensuum
592 1622 701 1688 nervis
734 1642 774 1687 ea
816 1622 1124 1700 animadvertimus,

162 1751 250 1818 quae
275 1732 313 1795 in
338 1731 411 1817 ipso
439 1740 553 1796 nostro
574 1752 717 1816 corpore
736 1741 867 1817 praeter
885 1741 1027 1796 naturae
1048 1751 1126 1795 nor·

159 1860 249 1905 mam
277 1840 448 1917 aoeidant,
481 1849 592 1903 tamen
610 1840 675 1909 illis
692 1828 889 1906 nerris'non
906 1841 1126 1927 percipimus,

146 1948 247 2035 -quid
273 1949 424 2014 utilitatis
460 1950 514 2014 vel
539 1966 646 2013 noxae
676 1950 810 2035 corpori
840 1950 1015 2030 efferatum
1048 1951 1129 2036 quin

161 2058 263 2123 immo
283 2058 416 2123 minime
438 2057 641 2135 rideremus,
676 2059 880 2136 audiremus,
901 2059 1129 2124 odoraremur

75 2160 79 2175 '
101 2198 106 2207 1
161 2168 331 2232 materiem
351 2177 527 2233 nocentem
549 2167 611 2231 nisi
631 2167 689 2231 alii
705 2168 796 2233 nervi
816 2169 1034 2232 attentionem
1053 2188 1129 2233 nos·

159 2284 248 2340 tram
264 2276 345 2340 illue
362 2273 547 2353 attrahant,
572 2277 624 2342 vel
642 2277 755 2362 potius
772 2298 897 2341 nocens
909 2277 971 2341 ista
980 2278 1130 2345 materies

162 2395 231 2448 tam
258 2404 364 2469 prope
391 2404 501 2448 sensus
526 2395 657 2450 nostros
677 2386 861 2471 peculiares
880 2386 1017 2451 norim
1037 2372 1130 2453 mum

164 2493 317 2557 effectum
335 2492 430 2570 edat,
454 2503 491 2556 ut
507 2493 595 2578 ipsos
614 2516 725 2559 sensus
744 2496 834 2560 velut
855 2497 981 2582 tangat.

207 2602 274 2666 Hos
296 2622 414 2669 nervos
432 2607 635 2669 sensatione
654 2624 768 2669 oarere
787 2605 1018 2690 experimentis
1034 2605 1133 2670 etiarn

140 2708 334 2798 probatur.
380 2712 517 2798 Saepius
533 2713 695 2797 pupillam
715 2714 870 2778 eunieuli-
881 2719 946 2778 a‘ou
965 2714 1132 2800 perforati

161 2832 195 2887 et
213 2823 354 2887 retinam
372 2821 591 2887 diversimode
606 2822 746 2899 irritari,
771 2823 894 2887 animal
909 2824 1003 2888 nulla
1023 2833 1132 2891 tamen

163 2930 288 2996 doloris
314 2931 406 3018 signa
436 2929 541 2994 edidit
570 2929 634 3018 (l).
657 2966 701 2978 -
728 2931 880 2998 Abscissa
902 2933 1010 2999 Neruo
1035 2934 1133 3022 trige-
1160 2982 1165 2989 .

137 3040 253 3103 ‚mino
289 3039 324 3103 in
358 3039 430 3104 basi
457 3040 577 3116 cranii,
615 3060 713 3105 noum
741 3043 778 3105 in
801 3061 917 3106 nasum
938 3041 1131 3120 introduxi,

161 3153 232 3233 quo
258 3147 399 3230 Nervam
424 3149 646 3214 olleotorium-
667 3149 849 3230 irritarem,
872 3151 1003 3216 nullum
1023 3161 1132 3218 autem

163 3255 320 3325 dolorem⁴
342 3256 524 3324 observavi.
569 3259 608 3324 N.
636 3259 675 3324 N.
700 3259 878 3327 olfactorio
900 3269 933 3324 et
960 3261 1081 3347 optioo
1099 3263 1133 3326 in

161 3364 234 3449 ipso
265 3366 381 3430 oranio
395 3358 561 3444 ¹irritatis,
604 3368 806 3455 tandemque
828 3355 1010 3447 -absoissis,·
1043 3371 1132 3435 nulla

163 3474 287 3540 doloris
320 3476 422 3563 signa.
453 3477 681 3561 arrimadverti.
744 3479 868 3545 Eodem
897 3479 1003 3546 modo
1035 3480 1129 3547 Nerr.

192 3836 233 3906 (l)
253 3834 373 3892 Nervam
392 3837 534 3892 carnalem
553 3841 630 3893 etiam
650 3829 796 3896 sensatione
812 3859 903 3898 carere
919 3845 1065 3913 probabile
1082 3851 1133 3910 eat,

251 3940 332 3990 quom
352 3922 396 3976 bie
413 3942 511 3980 nervus
528 3927 561 3978 ad
580 3945 675 3983 nervos
693 3929 773 3984 Vitae
791 3927 937 3998 organicae
956 3933 1082 3998 pertirret.
