2596 4718
605 361 659 427 ,80

160 554 351 613 monstrant.
389 518 601 609 characteres
620 559 697 605 vero
718 538 922 622 anatomicos
940 534 1118 626 indagare,

158 677 227 722 non
245 654 342 741 hujus
358 663 405 717 est
420 651 503 727 loci,
525 649 688 714 sufficiant
697 648 975 713 considerationes
984 646 1119 734 physio-

159 760 286 853 logicae
311 761 368 826 hle
386 762 517 824 allatae.
540 795 585 805 —
607 760 720 844 Neque
736 767 925 834 moneatur,
946 778 1030 843 opus
1049 766 1116 834 est,

158 875 320 940 directum
348 870 514 958 quendam
542 889 661 932 nexum
691 868 825 931 existere
852 865 939 932 inter
964 865 1121 930 Animum

157 995 257 1070 atque
283 978 467 1049 functiones
493 970 668 1050 nervorum
694 976 790 1043 Vitae
816 975 988 1052 Animalis,
1019 964 1120 1061 quale

129 1092 325 1159 ''vinculum
360 1087 452 1154 haud
487 1087 591 1151 existit
624 1087 708 1149 inter
736 1085 921 1157 functiones
944 1103 1120 1149 nervorum

157 1201 253 1270 Vitae
272 1199 471 1286 organicae,
497 1218 600 1284 quum
615 1195 679 1260 hac
694 1195 735 1259 de
753 1205 789 1258 re
808 1214 913 1258 sermo
926 1193 1000 1279 jam
1021 1185 1118 1258 fu'erit

157 1310 194 1375 in
213 1308 459 1395 introductione
483 1304 532 1393 (l)
558 1303 654 1391 hujus
676 1301 920 1368 dissertationis.
969 1321 972 1327 ·

203 1635 313 1701 Finem
333 1635 452 1722 itaque
472 1636 608 1720 impono
627 1635 731 1721 priori
751 1632 983 1721 disputationis
1000 1633 1119 1699 sectio*

158 1745 210 1821 ni,
242 1745 278 1808 in
297 1764 365 1830 qua
383 1745 606 1809 demonstrare
626 1754 764 1809 conatus
784 1765 870 1821 sum,
901 1763 1038 1821 nervos,
1063 1742 1121 1830 qui

158 1852 393 1918 lunationibus
408 1851 611 1917 Animalibus
631 1836 804 1938 praesunt,
830 1852 971 1940 duplicis
988 1873 1056 1917 esse
1067 1871 1121 1916 or-

157 1961 259 2039 dinis,
303 1981 420 2027 nervos
452 1982 529 2027 vero
565 1962 661 2030 Vitae
696 1948 879 2048 Organicae
911 1961 957 2026 ad
986 1961 1121 2026 unicum

158 2069 307 2133 ordinem
331 2068 504 2154 pertinere.
528 2105 572 2118 -
602 2060 814 2136 Transeamus
826 2070 900 2159 jam
921 2070 966 2134 ad
985 2071 1122 2135 alteram

157 2188 303 2263 partem,
345 2179 381 2241 in
410 2198 484 2264 ¹qua
519 2178 752 2264 inquirendum
783 2189 849 2256 est,
892 2187 1005 2244 utrum
1032 2177 1123 2244 nervi

159 2287 329 2372 utriusque
356 2286 458 2363 vitae,
498 2284 637 2372 (scilicet
666 2287 842 2376 organicae
872 2296 906 2353 et
935 2286 1119 2374 animalis),

130 2382 260 2457 funum
288 2393 390 2459 modo
420 2404 557 2481 systema
588 2417 762 2474 newsum,
794 2418 838 2463 an
860 2398 928 2477 duo
947 2382 1123 2483 systemata

160 2511 311 2587 separata
332 2501 463 2579 sistant,
497 2504 568 2567 aliis
586 2503 709 2583 verbis,
732 2515 842 2570 utrum
859 2503 894 2569 hi
909 2505 1003 2572 nerri
1020 2525 1121 2568 unum

158 2611 261 2676 modo
280 2621 429 2676 centrum
447 2609 607 2692 habeant,
633 2635 676 2678 an
695 2614 813 2703 singuli
833 2624 948 2681 contro
969 2620 1123 2700 separato

67 2742 70 2748 ·
158 2719 301 2804 praediti
338 2720 427 2815 sint?
480 2722 573 2803 Quae
610 2733 647 2787 ut
673 2725 735 2790 rite
767 2723 1012 2812 dijudicentur,
1047 2732 1124 2787 ante

159 2828 269 2892 omnia
287 2829 512 2917 investiganda
530 2841 577 2896 est
595 2840 715 2898 natura
733 2833 873 2912 vinculi,
886 2833 980 2921 quod
996 2841 1123 2897 utrum·

116 2991 117 2994 ,
158 2958 224 3024 qus
246 2947 385 3024 systema
406 2960 561 3007 nerveum
583 2941 765 3032 conjungit.

189 3241 230 3311 (l)
250 3242 316 3298 vid.
334 3262 412 3319 supra
430 3262 490 3319 pag.
509 3249 585 3301 1-5.
