2596 4718
631 387 695 454 lld

171 593 259 662 quae
277 572 316 639 tt.
337 590 424 660 vago
443 569 678 658 (recurrente)
695 571 851 657 praedita
868 584 961 652 sunt,
980 579 1026 643 ad
1044 600 1154 666 quar.

169 693 243 750 tum
263 691 296 748 et
317 686 481 770 quintam
507 683 619 746 omnia
644 681 834 749 vertebrata
857 684 1014 755 animalia
1044 690 1154 758 adnu-

167 795 327 860 meranda
348 802 435 857 sunt.

210 1014 317 1080 Hasce
334 1012 548 1102 gradationes
564 1011 600 1076 in
614 1019 737 1076 natrrra
754 1012 984 1097 observamus3
1003 1019 1155 1087 videmus

166 1125 350 1191 secundum
369 1122 512 1211 gradum
528 1122 638 1209 primo
655 1144 724 1188 esse
741 1135 1021 1210 superstructum,
1048 1141 1083 1195 et
1104 1133 1153 1197 ita

165 1254 281 1322 porro.
301 1233 558 1300 -Admodum
576 1233 763 1300 verosimile
780 1243 845 1312 cst,
867 1237 1043 1318 animalia,
1063 1262 1152 1328 quas

164 1345 351 1432 superiores
370 1343 505 1409 ordines
528 1353 661 1421 tenent,
683 1357 746 1429 per
764 1363 880 1410 omnes
897 1344 957 1412 has
978 1350 1150 1436 gradano.

163 1470 223 1520 nes
241 1445 461 1533 adscendere3
483 1463 665 1540 antequam
682 1453 727 1518 ad
744 1474 839 1519 suum
857 1456 1058 1527 evolationis
1074 1483 1150 1549 gra·

165 1557 252 1631 dum
266 1566 474 1653 perveniant.
520 1562 773 1650 Nonequidem
799 1566 921 1643 credo,
947 1569 1150 1653 perfectiora

163 1677 321 1740 animalia
341 1676 489 1763 singulos
504 1673 789 1760 imperfectiorum
810 1676 1005 1744 animalium
1024 1681 1147 1768 gradus

161 1808 373 1874 percurrere,
398 1787 444 1849 ita
465 1794 501 1849 ut
521 1783 711 1848 alternatim
728 1784 935 1872 singulorum
955 1790 1148 1859 animalium

161 1898 285 1963 formas
301 1896 459 1974 induant3
480 1894 603 1981 opinor
622 1899 759 1972 tamen‚'
776 1896 915 1962 omnem
927 1899 1035 1989 magis
1052 1900 1148 1966 abso.

159 2010 266 2073 lutam
281 2006 474 2070 animalium
489 2007 667 2070 nervorum
684 2005 924 2086 evolutionem,
944 2011 1055 2075 minus
1071 2032 1146 2098 per·

161 2120 271 2184 fectae
293 2116 476 2182 evolutioni
496 2136 564 2179 essa
584 2115 854 2201 superstructum.
900 2116 986 2184 Inde
1014 2120 1148 2187 Cerebri

160 2227 298 2293 humani
318 2226 543 2291 evolutionem
563 2244 633 2290 non
652 2245 749 2312 posse
768 2226 917 2314 incipere
939 2229 1059 2308 credo,
1084 2233 1147 2298 nisi

157 2337 231 2426 jam
243 2338 357 2402 locum
368 2333 521 2399 habuerit
533 2336 700 2422 separatio
718 2357 845 2403 massae
864 2341 1065 2427 organicae,
1085 2363 1145 2432 pro

159 2458 257 2535 parte
279 2448 411 2524 saltem,
434 2466 596 2513 anervea
616 2466 724 2513 massa
746 2450 883 2516 animali
903 2449 967 2539 (1)
996 2512 999 2516 ,

203 2780 261 2844 llis
285 2778 402 2864 itaque
428 2777 631 2865 argumentis
653 2777 919 2846 demonstratum
938 2801 1011 2847 esse
1032 2803 1142 2869 spero,

157 2888 340 2955 oraculum
368 2891 466 2953 iuter
490 2897 647 2975 systema
667 2911 857 2956 nervosum
879 2895 1075 2980 utramque
1096 2897 1144 2959 ui·

160 3008 220 3064 tae
252 3019 291 3064 eo
321 3001 459 3062 arctius
486 3001 655 3075 astatore,
677 3003 761 3087 §quo
793 3002 970 3067 animatia
995 2999 1143 3089 inseria-

159 3130 233 3173 rem
256 3116 426 3195 occupent
448 3108 625 3186 ordinem,
649 3111 914 3198 separationem
942 3134 1028 3178 uero
1060 3116 1144 3177 utri·

157 3238 272 3305 usquc
295 3215 405 3302 hujus
434 3222 639 3302 systematis
671 3242 710 3286 eo
739 3221 909 3310 majorem
941 3236 1038 3303 esse,
1076 3245 1139 3312 quo

160 3324 324 3391 altiorem
346 3308 501 3413 gradum
524 3330 681 3395 teneaat.
790 3339 793 3345 ’

188 3759 231 3830 (1)
251 3747 526 3814 secundum'hancce
542 3768 653 3814 naturas
671 3762 754 3832 legem
771 3764 868 3815 animal
886 3763 1024 3818 inferioris
1048 3767 1144 3819 ordinis

230 3861 381 3901 ,sommum
408 3844 570 3899 avolationis
596 3847 707 3916 gradum
734 3842 892 3918 attingeret,
920 3849 974 3905 nisi
1004 3852 1033 3903 in
1060 3869 1143 3910 aarum

249 3925 351 3995 origine
368 3926 465 3996 cuique
484 3929 590 3982 animali
610 3928 709 3983 limites
728 3931 795 3984 certi
812 3931 1009 4004 insiderant,
1038 3937 1086 4007 qui
1109 3936 1143 3987 li-

248 4011 327 4066 mites
344 3996 475 4068 condano
493 4032 553 4068 sum
570 4016 630 4084 ipso
648 4016 756 4072 animali
773 4023 965 4087 propagantur.
