2596 4718
631 478 636 486 ,
699 405 761 468 12·

136 579 140 587 ’
231 586 324 650 muni
347 585 481 671 junctas
508 605 573 647 esse
595 586 749 682 vinculo,
773 583 871 648 aliam
892 584 1096 660 lunationem
1116 586 1197 651 alius

234 715 298 780 ope
322 695 482 782 indigere,
506 691 593 758 hanc
616 693 741 779 absque
759 693 815 757 illa
838 714 879 756 ne
905 694 1043 779 cogitari
1062 695 1197 780 quidem

231 816 343 889 possc',
381 803 542 868 neminem
576 812 667 866 certo
702 801 796 887 fugit.
851 800 984 865 Praeter
1009 801 1091 865 illud
1117 823 1197 868 vero

207 950 209 954 ·
231 913 412 990 vinculum,
425 911 518 998 quod
529 911 638 975 omnia
655 909 742 974 vitae
750 909 977 994 phaenomena
988 909 1091 996 digito
1103 912 1198 998 quasi

232 1022 426 1099 ostendunt,
457 1019 548 1101 aliud
570 1019 702 1104 insuper
728 1006 1194 1097 exstatf'momentosissimum,

231 1130 324 1216 quod
351 1129 424 1215 jam
460 1147 558 1214 supra
588 1128 767 1213 attigimus,
803 1127 897 1213 quod
924 1148 1002 1193 vero
1032 1138 1068 1191 ut
1094 1128 1196 1192 fusius

231 1240 430 1324 explicetur,
459 1246 674 1327 revertamur,
707 1258 837 1302 neeesse
864 1247 931 1319 est,
962 1236 1006 1300 ad
1027 1237 1099 1300 illas
1120 1258 1195 1302 cor·

229 1347 319 1433 poris
344 1356 470 1433 partes,
501 1367 587 1431 quae
612 1367 772 1411 summum
796 1346 831 1409 in
858 1345 908 1410 his
934 1323 1029 1412 vitae¹
1046 1343 1229 1432 phaeno-

231 1455 333 1519 menis
350 1456 461 1519 locum
486 1464 612 1531 tenent,
638 1454 688 1518 ad
704 1457 796 1518 vitoe
814 1454 978 1519 Fautores
992 1459 1194 1542 principes,

232 1562 423 1627 adlteruae
432 1584 561 1648 nempe.
585 1560 1196 1646 PerspectaFuncta'onomvan'ctate,

233 1671 366 1756 cognita
394 1678 577 1735 nervorum
594 1658 629 1734 in
647 1669 697 1734 his
717 1670 952 1735 Functionibus
972 1675 1109 1737 actione
1126 1694 1197 1736 mo·

232 1783 505 1856 mentoszsszma,
538 1779 776 1865 ,inquirendum
808 1789 872 1856 est,
907 1799 950 1843 an
978 1780 1199 1845 Functionum

232 1889 288 1953 illa
317 1889 457 1955 varietas
491 1890 669 1975 praecipue
701 1909 720 1952 a
752 1910 926 1955 nervorum
958 1889 1049 1956 varia
1076 1887 1198 1954 natura
1268 1978 1272 1988 ,

88 2047 93 2058 t
126 2016 128 2020 “
231 1997 436 2082 dependeat,
470 2007 528 2061 aut
554 1997 624 2093 aliis
643 1996 766 2074 verbis,
798 2019 841 2072 an
861 1997 994 2084 singulis
1007 1999 1198 2063 Functioni-

232 2105 292 2170 bus
318 2106 516 2191 peculiares,
546 2107 681 2192 propria
709 2107 742 2172 vi
765 2107 907 2192 praediti
927 2108 1020 2173 nervi
1040 2107 1197 2192 praesint.

274 2215 514 2301 Praescriptam
536 2216 623 2281 viam
653 2217 679 2279 si
707 2216 859 2302 persequi
884 2215 1057 2293 vellemus,
1089 2217 1200 2301 primo
1272 2248 1276 2256 ·

230 2325 456 2412 indagandum
473 2325 574 2403 foret,
600 2347 643 2389 an
660 2325 754 2393 Vitae
772 2325 913 2390 Animali
935 2336 967 2390 et
987 2325 1201 2411 Vegetativae

193 2415 195 2421 Α
230 2435 321 2500 nervi
347 2435 409 2497 sint
429 2434 570 2519 proprii,
604 2433 681 2498 dein
701 2435 981 2522 perquirendum,
1006 2457 1050 2500 an
1071 2435 1197 2511 ¹utrius·

233 2564 299 2629 que
316 2543 403 2609 vitac
423 2544 568 2609 diversae
586 2544 781 2610 Functiones
806 2543 869 2631 (scz
899 2554 1007 2609 motus
1031 2544 1198 2622 animalis,

216 2673 355 2731 sensus,
388 2662 508 2716 motus
523 2653 696 2739 organicus
723 2664 755 2718 et
775 2655 916 2718 mutatio
937 2651 1118 2739 materiei),
1145 2653 1198 2718 di·

231 2762 329 2838 versis
357 2761 540 2848 dirigantur
557 2763 684 2828 nervis?
727 2763 840 2828 Liceat
858 2773 968 2827 autem
989 2763 1201 2848 aliquantum

160 2916 162 2920 .
231 2881 415 2957 pervertere
445 2863 618 2948 ordinem,
644 2880 744 2959 atque
770 2872 915 2957 incipere
938 2871 980 2936 ah
1001 2872 1059 2935 illa
1078 2892 1201 2956 quaes·

233 2979 331 3043 tionis
345 2990 456 3065 parte,
482 2976 583 3067 quam
602 2981 700 3047 semel
716 2979 773 3045 hic
793 2982 1007 3067 explicatam,
1022 2979 1112 3043 haud
1123 3002 1206 3044 rur·-

125 3138 128 3145 .
180 3134 187 3146 .
232 3109 284 3151 sus
312 3089 471 3176 attingere
502 3091 627 3154 animus
652 3100 717 3169 est}
749 3114 853 3178 quum
878 3091 958 3156 alids
989 3090 1032 3154 ad
1055 3089 1199 3174 primam

231 3206 360 3281 partem
375 3198 502 3282 saepius
518 3210 732 3276 revertamur,
749 3207 881 3266 necesse
893 3201 969 3278 erit,
989 3192 1199 3285 utpote‘pro-

231 3305 338 3389 prium
359 3305 456 3393 hujus
478 3307 706 3393 disputationis
728 3321 973 3396 argumentum·
1021 3375 1025 3383 ,
