2596 4718
566 397 688 464 ·dits

188 581 284 669 lpse
300 594 396 648 sero·
390 581 574 657 animalia,
586 581 643 645 si
639 579 726 643 :,i,.··
695 601 761 655 ιιι,
785 592 887 665 qaue
880 579 1057 647 ialiuiam
1054 588 1137 648 ·ero'·

167 692 311 772 hstioms
314 690 481 778 gradoni
476 694 628 766 teuent,
653 687 866 773 pedetentim:
871 687 1135 775 ·ιῴοιιιᾱιιιιιι,

167 788 222 865 ad·
240 820 297 878 ea,
327 820 432 886 quse
443 798 584 863 maximo
610 797 742 863 evoluta
764 797 1052 882 conspiciuntur„¹
1047 798 1140 864 ··:luee

167 910 288 975 darius
304 909 413 974 nobis·
418 908 602 984 indicant,
598 907 752 980 Nerium
770 904 1043 993 sympathiaoln
1030 928 1068 973 ιιι
1079 928 1137 973 ··su

164 1019 296 1103 periore
323 1017 532 1082 solummodo
562 1015 757 1081 evolationis
786 1015 909 1102 gradm
940 1017 1138 1101 palamsese

168 1126 305 1204 facere,
332 1136 448 1212 atque·
462 1134 538 1189 ante
564 1126 672 1210 ipsum
692 1126 732 1190 Ν.
755 1123 952 1212 sympathioi
968 1135 1085 1191 crana
1104 1136 1137 1191 ct

163 1235 403 1311 evolutionem,
415 1235 555 1300 Nerium
566 1254 685 1320 vagum
693 1235 891 1319 praecipuas
906 1244 1134 1322 agere‘partee

164 1343 200 1407 in
229 1341 424 1406 animalibus
448 1362 527 1407 vero
554 1341 660 1405 infimi
685 1341 825 1421 ordinis,
856 1362 921 1407 nee
940 1343 979 1407 Ν.
1004 1362 1135 1431 sympa-

164 1449 289 1517 thicum
305 1471 369 1516 neo
390 1451 428 1515 Ν.
452 1470 574 1537 vagum
595 1450 724 1525 adesse,
749 1472 854 1538 quum
872 1451 979 1517 omnis
995 1452 1045 1517 ιιι
1063 1452 1131 1517 ani·

163 1557 503 1646 manserorganlca
533 1559 649 1624 eadem
679 1561 815 1625 materie
840 1576 962 1626 nerrea
982 1572 1134 1626 examm-

162 1679 227 1735 tur.
250 1662 593 1755 —-'lletamorphosis
618 1680 805 1734 nervorum
821 1668 858 1734 ιιι
883 1668 973 1734 ranis
1002 1666 1132 1736 investi·

163 1778 257 1866 gata,
280 1778 370 1844 haud
390 1779 485 1864 parvi
501 1779 674 1871 momenti,
700 1777 745 1842 ad
761 1777 902 1863 primam
920 1760 1053 1863 partem
1071 1776 1131 1843 hu·

158 1888 216 1976 jus
229 1886 365 1952 'theseos
378 1887 689 1965 demonstrandam,
714 1907 734 1950 a
754 1887 792 1953 Β.
817 1887 854 1952 l..
878 1885 1011 1965 haberi,
1035 1887 1132 1954 valde

162 2000 260 2085 spero
289 1995 391 2083 alque
414 1995 534 2083 ''eupln
568 2031 612 2043 -
641 1997 764 2061 Eadem
785 1997 1133 2085 vercinvestigatione

161 2106 273 2171 etiam·
290 2106 496 2191 opinionem:
528 2127 672 2170 nereum
698 2113 935 2171 recurrentem
949 2109 995 2189 ¹ire
1018 2108 1132 2197 enver-
1198 2120 1206 2141 ·

164 2216 311 2301 tebrctes
340 2214 552 2278 animalibus
581 2236 657 2278 crem
687 2213 805 2279 Neruo
832 2228 926 2301 uago
947 2228 1026 2279 esse
1047 2236 1133 2279 ccm-

158 2324 382 2412 pcr‘i'rndem,
404 2324 563 2401 stabiliri,
587 2323 722 2408 omnino
741 2323 954 2409 perspicuum
972 2333 1032 2390 est.

206 2539 330 2604 Natura
345 2539 444 2625 igitur
462 2548 535 2605 tres
543 2541 714 2606 'diverses
732 2520 1132 2628 metenerrcmccnjreae-

160 2656 277 2714 tarum
296 2648 573 2735 modificationes
598 2657 792 2737 monstrat,
817 2648 938 2735 quibas
957 2652 1052 2715 duae
1065 2649 1129 2738 sc·

161 2757 331 2836 saltans,
355 2759 513 2846 organica
533 2779 652 2845 nempe
673 2768 706 2822 et
725 2747 890 2839 animalis,
909 2758 1028 2853 inulae
1046 2770 1131 2827 mint.

206 2866 251 2955 1.)
298 2867 339 2931 In
379 2866 576 2931 animalibus
614 2866 721 2931 infimi
758 2867 885 2933 ordinis
910 2877 1056 2959 utraque
1087 2869 1133 2935 ιιι

128 2982 132 2989 ’
158 2976 289 3062 penitus
306 2976 445 3040 confluit
466 2984 499 3039 et
520 2995 587 3039 una
605 2992 682 3039 oum
699 2976 731 3040 ιι
749 2977 849 3040 etiam
866 2977 1016 3040 materie.
1051 2976 1129 3050 Uni·

160 3080 208 3177 ca'
225 3080 311 3149 idec'
332 3086 541 3149 solummodo
566 3104 687 3150 nervea
712 3086 851 3150 materia
872 3080 924 3149 hi's
950 3085 986 3149 in
1004 3087 1131 3150 anima

156 3193 247 3258 libus
264 3193 372 3270 adest,
397 3197 499 3280 atque
516 3194 552 3258 in
574 3192 679 3259 haoee
700 3196 838 3260 materia
861 3195 949 3259 duae
967 3195 1054 3261 vires
1074 3196 1131 3260 tali

156 3302 260 3367 modo
277 3301 367 3365 sibi
357 3303 497 3369 invicem
518 3303 693 3369 devinctae
712 3314 803 3381 sunt,
826 3311 866 3368 'ut
884 3303 990 3367 altera
1005 3303 1131 3391 absque

157 3408 262 3476 all'era
285 3412 420 3476 eiisster'e
440 3422 597 3499 nequeat.

200 3518 250 3606 2.)
297 3520 331 3584 si
349 3522 594 3588 consideramus
610 3523 780 3600 animalia,
802 3544 905 3611 quae,
917 3524 1035 3610 quoad
1053 3543 1129 3590 evo·

154 3629 290 3694 lationis
326 3631 481 3717 gradum,
527 3634 678 3718 proxima
710 3643 785 3697 sunt
813 3633 868 3711 iis,
904 3652 993 3718 quae
1023 3653 1129 3718 nuper

156 3730 426 3819 memoravimus,
456 3742 566 3807 statim
591 3741 715 3828 primus
737 3741 954 3827 separationis
975 3738 1128 3811 materie·

157 3869 230 3912 rum
256 3870 449 3916 nervearum
476 3860 582 3938 typus
603 3852 638 3915 in
662 3853 778 3917 oculos
796 3830 951 3928 incurrit,
968 3874 971 3879 ·
987 3872 1057 3940 qua
1078 3872 1125 3914 se·

155 3958 328 4040 paratione
344 3961 443 4025 etiam
462 3962 578 4026 virium
597 3964 761 4046 separatio
781 3971 996 4047 provocatur.
1039 3961 1127 4024 Haec
