2596 4718
615 399 676 464 101

158 598 204 646 ne
226 578 339 644 habita
368 578 490 666 gradus
519 578 733 655 evolutionis,
768 598 867 664 quem
894 579 1015 643 animal
1043 600 1127 646 usse·

94 744 97 751 .
159 689 221 774 qui
242 683 390 774 potest),
424 685 656 763 observantur,
689 685 747 749 ubi
774 694 846 751 tote
875 686 1129 775 metumopbosis

158 797 204 897 ed
227 797 328 860 finem
344 796 416 882 jum
441 794 603 880 perducta
625 805 675 860 est
698 793 760 882 (1).

251 1146 353 1199 viribus
366 1146 447 1211 ideo,
474 1144 524 1198 bac
549 1146 583 1198 de
608 1163 637 1200 re
655 1146 790 1216 disputare
808 1146 912 1200 audebo
929 1149 956 1199 in
977 1148 1131 1201 Auutomice

249 1228 452 1283 Retracbiorum
468 1230 662 1298 descriptione,
682 1232 715 1284 de
729 1250 782 1303 qua
798 1251 876 1301 supra
892 1235 992 1285 monui.
1018 1232 1130 1286 Occasio

249 1311 336 1378 mibi,
355 1319 385 1364 ut
402 1329 499 1380 spero,
518 1314 627 1365 dabitur
637 1317 813 1368 examimandi
823 1315 941 1386 Gyrinos
949 1319 1036 1370 Ranae
1051 1336 1132 1386 pere·

249 1396 353 1460 doxae,
379 1397 468 1450 verior
487 1396 653 1450 evolutiones
668 1399 763 1466 gradus
777 1408 916 1452 rsoecutos.
933 1428 968 1442 -
983 1401 1071 1452 Multa
1088 1409 1134 1453 ta.

248 1497 309 1532 men
322 1481 423 1532 incerta
438 1481 590 1531 manebunt.
618 1479 688 1532 Nem
705 1481 734 1532 in
748 1483 931 1536 observatione
947 1501 1132 1552 progressuum

248 1563 491 1630 metamorphoseos
513 1562 671 1614 difficillima
694 1581 797 1630 semper
820 1572 861 1616 est
882 1565 1039 1634 investigatu
1063 1567 1131 1619 ulti-

248 1665 308 1712 ma,
329 1647 373 1714 (ut
390 1645 427 1697 ite
447 1647 564 1715 dicem),
590 1647 740 1697 mutationis
759 1647 845 1712 ectio,
864 1665 916 1716 qna
932 1665 1026 1715 nempe
1042 1651 1132 1703 subito

249 1729 370 1798 Gyrinus
386 1730 416 1779 in
433 1745 521 1780 ranam
538 1729 641 1779 trensit.
678 1727 752 1780 Inter
771 1727 905 1797 Gyrinum
929 1731 1000 1782 enim
1019 1735 1132 1787 maxime

251 1813 405 1877 evolutum,
425 1828 504 1880 quem
521 1809 627 1876 babeo,
647 1819 727 1880 atque
747 1828 836 1863 ranem
858 1813 1010 1880 nuperrime
1029 1814 1131 1866 lorna-

251 1903 323 1959 tam,
342 1901 395 1945 tam
411 1912 532 1963 magnum
549 1901 589 1947 est
607 1894 765 1961 discrimen,
784 1902 814 1946 ut
830 1903 922 1947 nature
941 1913 1033 1950 revere
1050 1900 1132 1953 saltus

250 1981 337 2033 lacere
354 1978 485 2032 viduetur.

190 2065 233 2139 11)
252 2063 323 2116 Haec
341 2079 406 2116 vero
423 2059 562 2129 encepbali
579 2060 700 2114 evolutio
717 2061 746 2111 in
764 2060 858 2114 ultimo
873 2060 972 2131 Gyrini
986 2069 1132 2117 metamor-

250 2144 482 2215 pboseosstadio,
501 2145 583 2213 magis
596 2145 741 2203 mutatione
758 2145 874 2210 formae,
894 2163 975 2215 quam
992 2156 1131 2216 augmento

249 2229 332 2294 ipsius
352 2228 476 2279 materies
494 2234 604 2279 constet.
640 2224 824 2295 Encepbelum
846 2229 917 2280 enim
940 2230 1026 2282 Ranae
1051 2249 1132 2298 para-

250 2311 334 2363 doxae
358 2312 464 2377 penitus
481 2311 621 2375 evolutae,
648 2311 760 2362 minoris
775 2318 816 2363 est
841 2312 1030 2380 magnitudinis
1050 2332 1130 2382 quam

249 2391 424 2462 encepbslum
444 2395 561 2463 ejusdem
578 2394 696 2445 animalis
720 2395 749 2444 in
772 2394 866 2446 ultimo
890 2392 1132 2462 metamorphoseos

251 2484 378 2544 tempore.
403 2504 439 2520 -
463 2477 581 2530 Omnino
606 2477 765 2530 confirmare
789 2495 895 2545 possum
921 2481 1133 2536 observationem

251 2560 294 2614 Cl.
312 2575 449 2626 nerent,
470 2561 538 2629 (vid.
556 2562 718 2613 vnonrsr'e
736 2564 865 2625 Notium,
883 2561 936 2614 N0.
951 2565 1012 2615 796.
1031 2563 1084 2618 Νο.
1104 2567 1131 2619 l.

250 2644 297 2697 des
313 2642 457 2695 XXXVII
467 2643 578 2695 Bendes.
594 2643 651 2694 Mai
668 2644 746 2696 1833.
764 2661 822 2712 peg.
845 2645 911 2715 50),
940 2644 1133 2715 hemisphaerio

249 2728 352 2781 cerebri
367 2727 476 2778 iuliane
490 2727 624 2796 paradoxa
640 2727 752 2778 minoris
770 2744 824 2778 esse
833 2727 1036 2795 magnitudinis,
1053 2748 1133 2798 quam

249 2811 358 2863 inlluna
375 2812 525 2875 communi,
544 2810 619 2878 quod
634 2817 718 2862 autem
738 2827 790 2860 non
808 2811 889 2862 modo
900 2809 1066 2880 deGyrino,
1085 2815 1132 2866 sed

249 2897 327 2949 etiarn
346 2897 379 2948 de
395 2897 467 2947 liena
483 2895 616 2962 paradoxo
635 2895 739 2960 penitus
756 2895 863 2948 evolute
880 2895 960 2947 valet.
1027 2951 1031 2966 ι

283 2978 452 3032 Cerebellum
475 2988 514 3031 est
530 2997 559 3031 ea
576 2975 715 3045 encepbrli
731 2994 810 3045 pars,
829 2994 896 3046 quae
920 2985 1054 3045 postremo
1071 2980 1133 3032 for-

248 3070 345 3116 metur.
382 3064 439 3117 Hac
460 3064 493 3117 de
510 3081 539 3114 re
554 3063 611 3131 ipse
628 3061 766 3116 convictus
783 3079 857 3127 sum,
876 3062 1056 3132 investigando
1073 3063 1132 3116 lte-

247 3165 297 3200 nes
324 3147 472 3216 paradoxae
489 3145 655 3213 'encepbelo
700 3147 877 3200 Doctiseimus
909 3161 1131 3200 srnmnsrrssus

247 3234 302 3303 jam
320 3232 349 3284 in
367 3228 477 3299 Gyrinie
494 3230 654 3282 cerebellum
670 3231 841 3296 observavit,
860 3248 1018 3299 quemquem
1036 3224 1130 3282 verum

250 3319 306 3385 ejus
332 3316 421 3367 locum
447 3313 474 3364 in
501 3310 543 3364 bie
570 3313 726 3364 animalibus
752 3311 824 3364 baud
849 3313 966 3381 agnovit.
1010 3310 1132 3362 Lobulos

249 3400 318 3454 enim
344 3398 448 3465 opticus
475 3397 635 3449 cerebellum
663 3405 758 3462 vocat,
787 3404 815 3450 et
833 3384 912 3466 'quod
936 3414 1029 3451 revera
1054 3414 1144 3450 cere-.

250 3481 350 3533 bellum
385 3487 441 3546 eet,
476 3481 583 3533 nomine
610 3481 795 3532 commissurae
823 3482 978 3550 posterioris
1005 3481 1132 3534 cerebelli

249 3565 380 3634 designat3
409 3563 478 3631 (vid.
498 3565 517 3614 l.
535 3581 559 3616 c.
577 3561 645 3616 Tab.
666 3564 689 3615 1.
716 3565 775 3636 vig.
792 3565 836 3616 29.
853 3583 895 3634 g.,
923 3563 993 3615 Teb.
1013 3562 1053 3614 ll.
1071 3563 1129 3632 Fig.

251 3651 295 3702 13.
312 3667 336 3701 c.
355 3655 383 3699 et
399 3646 467 3698 Tab.
487 3646 544 3699 Ill.
563 3647 620 3716 Fig.
640 3647 683 3698 25.
702 3648 743 3717 d.)

283 3729 453 3783 Clarissimus
471 3744 499 3781 n.
519 3743 549 3781 n.
568 3743 598 3781 Α.
617 3743 748 3794 sentens,
777 3731 930 3797 (Anatomie
946 3727 1078 3792 comperte
1096 3726 1132 3775 du

250 3833 357 3869 cereeuu
374 3819 440 3868 dans
455 3817 491 3868 lrr
506 3822 616 3883 punirer
640 3817 733 3866 classes
758 3815 801 3865 der
826 3815 961 3864 Animaur
982 3810 1129 3873 uerttbre‘r,

250 3898 325 3951 reris
345 3899 436 3970 1824.)
455 3899 536 3952 rom.
552 3884 580 3950 '1.
599 3916 657 3967 pag.
675 3898 719 3949 rs.
738 3903 765 3948 et
781 3897 843 3959 re,
863 3895 980 3961 disputat
993 3893 1027 3944 se
1041 3893 1129 3946 turr-

218 3975 221 3983 “
249 3987 319 4049 tete,
339 3999 452 4052 quacum
469 3985 498 4035 iu
519 3980 631 4051 Gyrinis
648 3978 766 4034 evolutio
783 3975 909 4032 cerebelli
930 3974 1061 4044 procedit.
1097 3975 1131 4028 ln
