2596 4718
605 374 667 440 100

157 553 433 642 et'euoephulum
471 575 547 618 uum
581 553 724 619 Medulla
752 553 871 639 spinuli
901 520 1037 636 edesse,
1066 557 1122 624 vix

157 685 240 750 opus
267 672 329 741 est,
361 674 399 728 ut
421 664 584 728 moneam.
629 659 854 763 Bucephalum
872 684 983 729 rursus
1000 674 1034 731 et
1050 687 1123 731 me-

156 775 247 839 dulla
265 784 344 838 tunc
364 774 519 859 temporis
537 772 679 858 primurn
688 772 819 858 penitus
836 774 983 852 evoluta,
1004 773 1124 862 (teliu

246 1127 310 1182 haec
327 1127 395 1196 legi,
422 1126 597 1193 crediderim,
624 1145 666 1180 mo
684 1128 800 1196 primam
818 1127 896 1184 hasce
916 1128 999 1182 libras
1015 1145 1129 1182 muscu-

246 1213 314 1264 lares
330 1212 485 1279 incipientes
500 1213 529 1263 iu
545 1214 639 1264 Ranae
652 1214 805 1280 paradoxae
821 1214 959 1267 iuvenisse.
976 1241 1013 1254 -

279 1295 323 1346 De
347 1294 501 1346 evolutione
525 1311 682 1364 organorum
705 1296 878 1363 generationis
900 1293 972 1347 nihil
989 1295 1127 1364 profertur

244 1379 273 1430 iu
299 1376 406 1429 laudata
431 1375 511 1430 hacce
539 1395 659 1446 geneseos
687 1376 812 1443 historia,
829 1396 931 1448 -ueque
963 1395 1126 1449 corporum,

246 1477 313 1531 quae
334 1465 463 1514 vocantur
479 1460 600 1529 pinguia,
627 1479 714 1530 neque
741 1463 841 1517 vesicae
869 1462 1001 1516 urinariee
1025 1455 1128 1515 mentio

185 1529 194 1544 ’
245 1545 312 1597 tacu
332 1549 380 1594 eet.
415 1543 458 1595 De
474 1560 632 1613 organorum
649 1545 740 1597 senslrs
757 1545 926 1612 evolutione,
945 1546 1075 1615 imprimis
1092 1545 1129 1597 ds

245 1627 382 1680 oculorum
400 1628 546 1680 mutatione
569 1627 639 1693 loci,
666 1628 745 1696 (quac
770 1615 902 1695 iingutan'
916 1631 991 1681 niodo
1008 1647 1028 1681 u
1046 1631 1127 1681 Mus-

244 1713 309 1765 culs'r
331 1713 399 1763 oculi
420 1715 499 1764 rectis
521 1712 671 1780 dependet),
697 1711 731 1763 de
749 1713 842 1764 audita
860 1719 888 1764 et
904 1712 1002 1764 olfactu
1020 1712 1129 1764 minime

244 1795 370 1849 certiores
384 1812 434 1846 nos
448 1795 696 1848 lacitDoctissimus
707 1795 828 1860 Auctor,
841 1795 888 1866 qui
902 1811 1012 1860 revere,
1029 1812 1127 1865 quam-

244 1898 323 1949 quam
340 1896 432 1947 magna
450 1879 531 1930 luerit
548 1881 604 1947 ejus
621 1878 772 1948 diligentia,
797 1884 885 1930 temen
902 1878 1009 1931 omniuo
1027 1876 1127 1946 prohi-

243 1962 375 2026 beh'atnr,
391 1962 532 2030 quominus
546 1962 650 2028 omnia,
669 1979 738 2031 quee
752 1961 799 2033 lale
814 1962 921 2029 monui,
939 1962 968 2015 in
982 1963 1072 2032 parvis
1087 1962 1127 2014 il·

243 2046 276 2098 lis
298 2045 451 2096 animalibus
468 2045 624 2113 investigare
641 2052 737 2112 posset.
754 2073 791 2086 -

277 2128 472 2182 celeberrimus
489 2141 517 2179 Ρ.
534 2142 557 2179 r.
578 2141 607 2178 o.
626 2140 976 2193 usaria-semmua,
995 2126 1130 2196 (Rector-

244 2214 300 2264 oter
315 2216 504 2277 Anatome'qrrcs
520 2217 546 2262 ct
559 2213 775 2281 Physiologiques
790 2227 838 2263 sur
854 2213 890 2263 les
909 2212 1028 2278 organas
1045 2217 1126 2263 truss-
1177 2228 1182 2248 ¹

243 2298 346 2347 ritoirea
371 2301 398 2345 et
422 2295 449 2343 lo
468 2296 668 2361 metamorplsorc
683 2297 714 2347 dr
729 2296 922 2360 Butruclrs'em,
945 2296 1065 2348 Annales
1082 2296 1126 2348 der

243 2380 353 2430 seientes
384 2377 544 2441 nuturelles,
580 2375 660 2427 Tora.
692 2375 802 2438 xxiv.
838 2378 929 2447 1831.)
972 2394 1034 2447 pag«
1057 2379 1126 2443 366,

244 2458 343 2528 egregie
369 2458 477 2526 exponit
507 2459 677 2511 mutationem
699 2476 806 2512 arcuum
834 2457 1018 2513 branchierum
1047 2468 1129 2530 atque

242 2542 428 2594 formationem
447 2540 521 2593 Oraia
539 2539 664 2610 byoidei,
691 2543 759 2608 oris,
786 2548 853 2594 caet.
892 2543 980 2597 timae
996 2544 1127 2597 'esculen-

151 2687 156 2697 Ι
221 2633 285 2692 tae
308 2631 335 2678 et
361 2623 547 2678 salamandrae
572 2626 713 2679 terresuis.
751 2624 828 2694 (vid.
847 2625 866 2678 l.
884 2642 908 2679 c.
927 2625 995 2678 Tele.
1015 2627 1127 2698 18-26).

242 2708 396 2778 Descriptio
416 2725 480 2761 vero
502 2708 612 2761 aliarum
635 2709 767 2778 partium,
793 2710 938 2763 attentione
956 2711 1129 2779 dignissima-

241 2811 317 2859 rum,
347 2793 422 2846 verbi
440 2792 538 2861 gratia,
564 2793 748 2844 intestinorum
772 2793 880 2845 omnino
906 2793 1075 2848 desideratur
1097 2797 1128 2849 in

241 2875 322 2930 hacce
340 2876 534 2945 diequisitione.
551 2903 587 2916 -

275 2959 473 3014 celeberrimus
499 2973 529 3012 Α.
555 2972 672 3025 unone,
700 2962 868 3029 (Becherclrrs
888 2965 1082 3032 Antonique
1100 2970 1128 3018 et

240 3045 457 3114 Physiologiquer
475 3059 522 3096 eur
540 3044 566 3094 lo
582 3045 751 3111 Degluts'tion
767 3048 833 3099 dmrr
851 3047 888 3098 les
903 3048 1041 3117 Reptiler,
1061 3049 1128 3101 Arr-
1156 3051 1159 3059 '

240 3129 312 3178 nalrs
330 3127 373 3179 des
390 3130 497 3178 scicnccs
515 3128 677 3192 naturalior,
695 3125 853 3180 Tomllll.
872 3127 963 3197 1827.)
980 3145 1042 3196 pag.
1053 3128 1126 3195 utu,

239 3227 255 3262 e
282 3211 353 3263 varie
378 3211 465 3263 forms
489 3208 594 3262 canalis
619 3210 778 3264 intestinslis
799 3211 906 3280 egregie
922 3211 1056 3278 explicat,
1075 3227 1126 3265 cur

212 3302 214 3311 '
238 3294 297 3347 aliia
321 3294 451 3347 alimentis
476 3302 614 3349 vescantur
634 3294 752 3364 Gyrini,
772 3294 829 3348 aliis
846 3311 924 3348 renee
940 3323 977 3336 -
995 3295 1042 3349 llll
1061 3311 1129 3351 vero

240 3378 371 3431 ductores
395 3377 497 3432 Gallici
529 3379 720 3431 Doctissimum
750 3391 982 3432 sruruuaruruu
1015 3378 1126 3432 omnino

237 3461 403 3530 ignorabunt.
429 3489 464 3504 -
491 3462 599 3515 Praeter
617 3461 752 3514 Laudatos
771 3446 904 3513 ductores
919 3462 973 3529 jam
993 3459 1125 3514 Celeber-

237 3551 299 3603 rimi
320 3556 463 3603 uouemus
481 3557 507 3602 et
524 3560 844 3612 swruuuanarrums,
870 3563 919 3598 nec
944 3561 1000 3597 non
1025 3559 1126 3598 eaca-

237 3633 332 3699 ednu,
371 3635 502 3702 (Histoire
536 3635 666 3687 notescite
700 3635 744 3686 des
772 3632 956 3698 Quadrupedes
984 3633 1126 3698 culparer,

237 3720 313 3773 Puris
340 3720 440 3788 1799),
466 3719 595 3772 nonnulla
619 3719 685 3771 satie
709 3717 839 3770 notabilia
865 3718 899 3768 de
925 3715 1039 3785 Gyriuis
1063 3723 1126 3767 tra-

240 3804 316 3856 dunt.

269 3885 387 3939 Multum
401 3886 492 3955 itaque
506 3884 560 3939 hoc
575 3885 604 3938 iu
620 3892 774 3956 argumento
788 3884 876 3938 adhuc
890 3882 1121 3952 investigandum,

234 3976 312 4039 atque
330 3969 506 4038 detegendum
520 3976 635 4033 restore,
655 3969 785 4023 nemiuem
801 3969 916 4036 elingem
933 3973 1035 4037 potere.
1068 3967 1123 4020 Pro
