2596 4718
476 422 480 429 .
576 377 680 479 ‚1an

160 561 294 646 Saepius
310 559 415 623 hoeee
435 556 690 643 experimentum
707 557 848 634 instltui,
872 569 972 645 atque
987 563 1121 626 omnino

159 671 328 735 convietus
358 689 445 748 sum,
482 667 603 729 animal
631 687 707 730 cum
732 666 802 751 ipsa
823 667 1006 754 sensatione
1023 671 1122 752 etiam

160 772 286 843 sensum
307 777 508 861 peculiarem
531 775 765 861 amitterell).
798 783 801 789 '

200 996 242 1060 Ut
272 1004 382 1062 autem
410 977 453 1057 ad
480 974 939 1078 argumentum-propositum
968 993 1118 1069 redeam,

158 1106 273 1191 paucis
291 1085 467 1177 indicabo,
492 1108 656 1188 quaenam
677 1102 717 1164 sit
736 1103 857 1186 copula
873 1104 913 1168 N.
934 1104 973 1168 N.
993 1104 1121 1189 lingua·

156 1216 196 1280 lis
220 1225 253 1279 et
273 1210 566 1300 -glossopharyngei
590 1232 664 1276 oum
689 1211 760 1274 aliis
785 1212 892 1276 nervis
919 1213 1015 1280 Vitae
1043 1211 1121 1276 Ani·

156 1324 250 1388 malis
267 1332 299 1387 et
321 1342 396 1386 cum
413 1319 524 1384 nervis
538 1319 632 1388 Vitae
652 1313 846 1405 'organicae

103 1488 106 1497 .
136 1488 138 1493 s
176 1428 338 1499 'Nervus
367 1428 536 1514 lz'uqualz'a
563 1449 672 1491 ramus
700 1438 749 1493 est
769 1429 855 1492 illius
876 1429 979 1515 partis
1000 1431 1040 1496 N.
1064 1432 1120 1496 tri-

61 1562 67 1578 ’
98 1604 99 1614 ,
158 1539 293 1625 gemini,
320 1558 427 1624 quae,
452 1537 535 1601 sicut
557 1557 669 1616 omnes
685 1537 755 1603 fere
778 1537 826 1624 (2)
853 1540 945 1604 nervi
966 1538 1120 1626 spinales,

158 1632 287 1713 duabus
309 1646 414 1710 oritur
431 1644 618 1721 radicibus,
643 1663 785 1731 quarum
804 1647 907 1715 altera
929 1646 979 1733 (3)
1001 1647 1034 1713 vi
1051 1667 1121 1713 mo-

159 1749 260 1832 torid,
286 1755 388 1818 altera
404 1753 453 1840 (4)
476 1754 509 1818 vi
527 1753 669 1818 sensoria
686 1764 733 1818 est
750 1754 912 1839 praedita.
937 1790 982 1802 —
1003 1756 1042 1820 N.
1060 1755 1119 1820 lin-

90 1855 94 1860 ’
157 1865 262 1951 gualis
281 1872 360 1927 tune
378 1863 698 1948 primumtanquam
707 1863 746 1927 N.
766 1865 964 1948 gustatorius
979 1874 1028 1929 est
1044 1883 1121 1929 ooa-

160 1972 368 2049 siderandus,
399 1982 577 2058 postquam
601 1990 620 2034 a
644 1972 683 2036 N.
707 1972 866 2037 alveolari-
889 1973 1036 2037 inferiori
1059 1974 1121 2038 dis·

160 2085 270 2161 cessit,
295 2093 327 2147 at
344 2090 520 2168 postquam
537 2082 679 2146 ramulos
697 2082 741 2146 ad
755 2083 797 2145 tl.
810 2077 1059 2169 pteryg‘oideum
1071 2082 1120 2146 in·

159 2203 301 2269 ternum,
333 2192 377 2256 ad
403 2175 586 2267 tonsillam,
610 2190 654 2253 ad
684 2192 725 2255 Μ.
753 2190 1068 2277 mylopltaryngeum
1088 2201 1121 2255 et

79 2323 82 2327 ·
161 2298 356 2386 (seeundum
387 2318 664 2397 rasennaaumun
688 2297 772 2385 (5)),
805 2299 849 2362 ad
875 2302 916 2365 Μ.
935 2299 1119 2388 'stylohyoi

162 2409 260 2474 deum
282 2407 385 2472 dedit.

204 2516 244 2582 Ν.
267 2515 306 2580 Ν.
331 2515 425 2583 Vitae
445 2514 615 2591 Animalis,
640 2517 699 2601 qui
725 2538 801 2582 oum
821 2518 860 2582 N.
883 2516 1021 2603 linguali
1043 2537 1119 2582 eon-

155 2625 355 2713 junguntur,
391 2633 483 2686 sunt:
518 2623 556 2687 N.
591 2622 805 2709 hypoglossus
837 2636 869 2690 et
906 2627 946 2690 N.
977 2625 1116 2701 facialis,

162 2755 307 2821 quocum
342 2752 405 2818 ope
437 2731 596 2797 Chordae.
616 2735 763 2818 tympani
788 2735 943 2823 copulam
973 2735 1035 2798 init
1062 2732 1119 2821 (6).

46 2988 48 2993 ·
130 2939 133 2947 ’
191 2956 233 3027 (1)
251 2954 448 3009 celeberrimus
457 2965 633 3007 naossnntus
650 2954 821 3006 sensationem
840 2940 891 3020 pro
909 2964 993 3006 sensu·
1003 2954 1126 3023 peculiari

252 3038 382 3104 habebat,
400 3038 464 3090 elias
488 3036 559 3089 haud
584 3037 772 3101 contenderet,
793 3037 918 3089 olfactum
936 3035 975 3105 Ν
991 3039 1124 3106 trigemino

251 3123 343 3191 inesse.
368 3149 403 3166 ·-
427 3120 506 3174 Cous.
535 3134 711 3186 unaarum,
748 3123 880 3185 Juumut,
917 3121 994 3174 1821.
1025 3120 1075 3175 No.
1101 3124 1124 3173 2.

252 3221 309 3271 pag.
330 3206 388 3256 169.
405 3216 450 3247 ‘-·
472 3202 559 3257 Lura
585 3203 604 3254 Ι.
630 3221 654 3257 e.
680 3223 738 3272 pag.
767 3206 826 3258 315.
850 3231 884 3245 -
908 3202 1036 3257 sacrm
1062 3202 1081 3255 l.
1102 3221 1123 3256 e.

253 3302 311 3353 pag.
328 3285 371 3336 49.
477 3320 483 3344 ,
704 3340 706 3345 ,
783 3296 785 3300 “
811 3342 815 3359 ¹
1015 3331 1018 3339 .

192 3369 234 3438 (2)
254 3366 291 3420 N.
310 3367 446 3423 cervicalis
472 3370 572 3437 primas
596 3370 699 3438 saepius
723 3375 892 3423 enatantem
911 3367 1123 3442 radieemotorii

191 3498 193 3502 Α
253 3449 381 3517 originem
398 3451 477 3519 capit.
670 3516 673 3527 Ι

193 3534 235 3604 (3)
255 3536 348 3587 Porlio
364 3537 449 3586 minor
465 3530 502 3586 N.
519 3535 660 3604 trigemini.
1002 3594 1010 3601 ι

193 3619 234 3686 (t)
253 3614 356 3669 Romus
374 3620 468 3669 tertius
480 3621 612 3685 portionis
628 3622 735 3687 majoris
752 3617 789 3671 N.
807 3618 949 3687 trigemini,
974 3645 976 3651 ι

194 3700 234 3768 (5)
255 3698 334 3752 cont.
353 3711 553 3752 nauosnsacr
571 3700 591 3751 1.
610 3718 633 3753 c.
645 3719 710 3770 pag.
729 3702 773 3752 75.

193 3782 234 3852 (6)
256 3781 380 3835 Pluribus
406 3781 439 3833 de
465 3783 547 3835 causis
569 3784 676 3837 omnino
693 3801 844 3853 persuasum
862 3782 966 3849 haheo,
993 3782 1122 3838 Chordam

251 3865 368 3933 tympani
385 3865 461 3919 nullo
480 3867 560 3917 modo
577 3880 680 3918 remum
705 3864 742 3920 N.
764 3867 863 3938 petrosi
887 3864 1060 3933 superficialis
1075 3865 1124 3917 lra-

191 4020 195 4024 .
228 3948 368 4009 ,bendum
383 3966 454 4014 esse,
474 3957 503 4001 nt
521 3949 564 4003 Cl.
575 3963 712 4016 cnoQttttt·
730 3959 757 4002 at
770 3951 945 4004 Doctissimns
964 3964 1122 4004 tttttzttnttts
