2596 4718
619 398 679 464 183

185 587 235 652 10.
272 585 432 669 Suprema
456 599 533 666 pars
555 578 594 642 N.
620 577 752 641 tibialis.
811 585 838 668 '¹

182 686 234 760 ΙΙ.
279 728 431 743 ---—-
461 725 527 739 --
554 726 597 738 -
629 686 804 774 peronaei,
832 686 904 770 qui
941 687 984 749 ad
1024 709 1137 774 supre.

269 825 361 868 mum
382 801 545 888 poplitem
568 797 711 863 abscissi.
727 806 825 862 suut..

270 915 343 980 no.
368 913 395 977 l.
420 913 458 976 Β.
501 911 577 976 Nm.
601 908 645 974 11.
691 908 763 976 Ιιιιι
786 904 849 970 Ill.

204 1023 407 1113 Gonjunotio
437 1023 524 1086 inter
551 1020 590 1084 N.
619 1018 828 1106 ·iuguinalem
855 1026 887 1082 et
915 1017 1078 1083 cruralem
1106 1018 1140 1082 in

159 1136 258 1204 variis
290 1134 395 1200 Rauis
429 1130 614 1198 esculentis.
673 1127 914 1216 (Magnitudine
948 1127 1046 1192 valde
1081 1127 1141 1192 ad-

161 1257 261 1312 aucta
283 1243 347 1309 hae
370 1245 498 1330 figurae
521 1241 707 1306 delineatae
729 1237 832 1323 sunt.)

208 1359 237 1422 l.
273 1354 527 1441 Nvinguinalis.

206 1467 319 1531 2.-
341 1464 517 1530 cruralis.

206 1586 222 1617 4
276 1577 312 1640 in
339 1575 410 1661 aig.
434 1575 462 1638 Ι.
494 1573 532 1637 Β
566 1570 693 1635 Remus
727 1567 961 1654 conjungens,
1020 1578 1056 1632 ut
1109 1570 1144 1633 in

277 1756 278 1759 Ἴ
564 1681 634 1767 Fig.
646 1678 746 1754 Ι..Α,
766 1677 892 1743 scilieet
909 1678 1144 1743 transversalis.

211 1805 238 1858 *.
277 1795 312 1857 in
339 1793 489 1881 rig.11
568 1789 695 1855 Remus
713 1787 920 1874 conjungens
948 1785 1104 1874 obliquus
1127 1808 1148 1850 a

567 1901 606 1965 N.
631 1898 755 1965 erurali
779 1897 886 1965 adN.
908 1897 1121 1984 inguinalem.

208 2024 235 2077 4.
272 2013 307 2075 in
345 2013 414 2099 aig.
437 2011 500 2078 111.
574 2011 700 2076 Remus
719 2008 927 2096 conjungens
949 2006 1148 2094 obliquusa

566 2121 606 2186 N.
631 2120 801 2207 inguinali
812 2119 925 2193 adN.
950 2119 1124 2193 cruralem.

276 2228 349 2296 llio.
374 2232 434 2300 lv.

214 2341 374 2428 Gyn'aas
398 2341 524 2408 Ranae
541 2343 755 2428 paradoxae
770 2340 813 2404 in
827 2338 936 2425 primo
953 2336 1151 2415 evolationis

163 2463 331 2537 tempore,
357 2471 427 2536 quo
448 2452 579 2515 nullum
598 2452 771 2537 vestigium
785 2448 983 2517 evolutionis
996 2447 1148 2523 extremi·

164 2573 271 2628 tatum
294 2560 627 2625 anterionmadest.
1087 2631 1089 2634 Α
1140 2562 1146 2573 ’

209 2694 302 2736 aaa.
327 2669 455 2734 Romus
486 2668 632 2734 lateralis
663 2670 702 2736 N.
728 2668 812 2754 Vagi
835 2666 957 2735 lineam
976 2665 1152 2742 lateralem

260 2827 262 2830 ψ
329 2769 481 2864 eorporis
502 2800 711 2864 percurrens.

109 2969 116 2984 ⁴
232 2891 349 2956 ··Fio.
379 2890 433 2958 V
431 2887 475 2975 ’4)

209 2999 406 3065 Distributio
439 3000 538 3065 Nervi
572 2999 707 3085 Vagi
698 3021 734 3062 m
758 2997 900 3067 Ranae
936 2956 1152 3082 paradoxae

169 3106 304 3196 (lyrano
334 3109 440 3195 magis
470 3110 644 3184 evoluto,
660 3105 757 3194 cujus
785 3116 897 3170 tamen
929 3106 1152 3172 extremitates

167 3220 350 3284 anteriores
370 3219 523 3283 nondum
544 3219 769 3304 integumenta
793 3215 1017 3302 perforarunt.

208 3431 237 3498 *l
258 3429 356 3486 Remos
384 3426 421 3481 N
442 3428 508 3501 vagi
530 3428 687 3499 investigavi
706 3429 734 3481 in
753 3424 861 3499 Gyrino
874 3428 967 3480 Ranae
986 3423 1156 3496 paradoxae,

167 3580 168 3583 Ἴ
256 3515 285 3566 in
303 3515 374 3583 qu'o
364 3511 483 3565 nullum
501 3514 697 3565 extremitatum
716 3514 882 3567 anteriorum
891 3513 1037 3582 vestigium
1055 3511 1156 3591 aderat.

260 3598 294 3657 ln
312 3595 368 3651 hoe
384 3595 491 3667 Gyrino
509 3605 616 3665 praeter
632 3618 736 3655 ramam
755 3601 892 3653 lateralem
909 3600 926 3651 3
945 3595 1156 3658 romariorum,

260 3699 378 3752 quorum
398 3686 502 3755 primas
527 3689 616 3764 cutam
640 3685 733 3752 eapitis
763 3685 837 3750 adit,
856 3681 1006 3737 secundus
997 3697 1026 3732 m
1044 3677 1159 3729 armbus

259 3764 460 3845 branchialibus
479 3785 600 3819 necnon
617 3769 646 3819 in
664 3764 787 3836 partibus
811 3769 995 3852 adjacentibus
1021 3781 1076 3816 sese
1101 3762 1160 3813 dis-

261 3850 376 3916 tribuit,
397 3856 492 3904 tertius
510 3852 660 3904 abdominis
677 3854 816 3907 cavitatem
833 3853 909 3922 petit.
935 3853 1050 3920 Propter
1067 3845 1158 3898 tenui-

262 3940 343 3984 tatem
364 3939 452 3986 autem
476 3948 640 3998 nervorum,
667 3941 694 3986 et
717 3935 838 3988 animalia
857 3935 1016 4003 parvitatem
1043 3927 1158 3981 ulterior

260 4006 429 4085 investigatio
447 4017 551 4070 institui
571 4015 643 4072 haud
661 4019 759 4088 potuit.
