2596 4718
702 403 745 468 56

246 587 450 671 cumscripsi‚
484 584 603 670 quibus
633 584 686 648 die
713 585 904 668 insequente
932 583 1066 659 scirem,
1079 609 1084 616 ”
1097 592 1209 650 utrum

243 720 303 783 per
329 705 460 760 noctem
489 674 614 756 a'loco
649 714 716 757 sese
747 691 917 768 movisset,
961 712 1024 756 nec
1060 694 1130 776 ne?
1161 731 1208 744 -

242 805 398 891 Sequenti
417 801 486 878 die,
506 822 602 863 mane
622 801 742 864 animal
760 799 990 864 tantummodo
1012 820 1206 883 conversum

240 934 307 978 esse
335 910 634 1002 animadvertebam
654 907 788 995 '(forsan
814 910 935 973 animal
959 908 1002 972 ab
1017 988 1025 995 ·
1038 909 1104 973 alio
1134 910 1207 973 ani-

238 1019 317 1085 mali
339 1042 371 1084 v.
390 1041 438 1105 gr.
467 1010 559 1082 mure
586 1027 642 1081 aut
669 1018 734 1081 alio
760 1019 908 1104 quodam
940 1018 1072 1082 stimulo
1099 1028 1205 1082 exter·

237 1150 282 1201 no
302 1129 465 1192 irritatum
486 1126 575 1190 hunc
598 1137 724 1204 motum
742 1126 921 1216 instituit).
966 1112 1026 1191 Ab
1036 1127 1107 1211 ipso
1129 1127 1208 1192 vero

238 1239 315 1301 loco
351 1235 441 1300 haud
484 1230 692 1323 discesserat,
735 1237 858 1300 multae
894 1235 1003 1299 faeces
1036 1255 1098 1300 nec
1137 1257 1208 1300 non

234 1346 333 1410 urina
350 1350 459 1409 rursus
482 1345 615 1409 emissae
637 1346 755 1422 erant.'
786 1345 857 1409 Hoc
874 1364 953 1409 vero
975 1330 1028 1407 die
1047 1343 1206 1408 irritatio·

239 1475 314 1538 nem
336 1452 594 1539 insequebantur
616 1453 766 1516 fortiores
791 1440 916 1528 motus,
958 1440 1060 1538 quam
1083 1450 1203 1536 pridie.

237 1549 406 1626 Interdum
442 1562 593 1625 dentibus
624 1562 727 1627 valde
749 1540 909 1626 stridebat
946 1572 978 1625 et
1003 1570 1104 1646 caput
1125 1582 1206 1647 pos·
1260 1550 1263 1559 ’

237 1681 378 1734 trorsum
407 1670 606 1736 revolvebat.
651 1669 703 1733 Ab
725 1669 1087 1756 hora'p'ostmeridiana
1107 1670 1205 1734 tertia

186 1844 191 1853 Ι
235 1781 279 1844 ad
294 1780 525 1863 ‘vespertinam
550 1799 673 1842 nonam
700 1780 735 1841 in
762 1780 876 1843 loculo
898 1778 1060 1841 inclusum
1082 1777 1206 1841 animal

235 1908 450 1974 permagnum
472 1888 550 1952 fecit
573 1888 759 1954 tumultum.
786 1921 789 1925 ·
811 1887 856 1950 Ex
879 1895 995 1971 aperto
1016 1885 1206 1956 loculore-

228 2007 337 2084 pente
351 1989 664 2083 progrediebatur
678 1981 869 2075 cuniculus,
903 1992 1080 2082 gressuque
1100 1993 1206 2060 vacil-

168 2150 172 2155 ,
224 2081 325 2169 ¹la'rrte
352 2125 411 2190 per
436 2103 625 2169 cubiculum
648 2125 714 2167 sese
734 2104 897 2169 volvebat.
944 2104 1107 2189 Repetitis
1123 2104 1206 2169 vici·

235 2211 297 2295 bus
313 2210 578 2277 convulsionibus
595 2209 856 2297 corripiebatur,
874 2211 994 2277 deinde
1012 2204 1124 2276 rursus
1139 2210 1206 2276 huc

234 2320 313 2384 illuc
341 2342 471 2407 gressu
507 2321 697 2415 vacillante
732 2320 945 2412 circumibat,
988 2320 1034 2386 ita
1072 2331 1203 2399 tamen,

128 2506 129 2516 ἵ
183 2514 187 2524 1
235 2437 272 2490 ut
301 2438 394 2490 motu
428 2449 488 2490 suo
516 2427 630 2491 orbem
658 2430 787 2514 saepius
814 2429 1024 2494 describeret.
1071 2430 1207 2513 Lumine

236 2535 391 2612 admoto,
421 2535 477 2598 iris
500 2534 591 2600 haud
611 2537 750 2621 amplius
776 2559 843 2602 sese
871 2537 1110 2616 contrahebat,
1139 2539 1206 2604 oris
1263 2602 1267 2608 .

234 2657 342 2710 motus
359 2645 597 2730 frequentiores
622 2643 817 2712 evadebant.
862 2649 1000 2713 ltlortem
1021 2647 1104 2722 obiit
1122 2647 1206 2712 hora

234 2755 410 2819 undecima
430 2738 643 2838 ‘vespertina3
673 2749 787 2843 itaque
811 2755 910 2820 horas
937 2757 975 2820 31
1003 2757 1205 2841 postdisse·
1287 2742 1289 2749 ¹

121 2899 127 2909 .
235 2865 378 2928 ctionem
398 2863 628 2950 hemisphaerii
645 2866 752 2929 dextri
775 2865 901 2958 cerebri
915 2865 977 2953 (l)

231 3014 236 3019 -
276 2957 451 3057 Aetopsz'a
470 2975 677 3058 ‘cadaveris
742 2972 860 3038 Totum
893 2975 1044 3038 dextrum
1076 2975 1207 3041 'cerebri
1288 3018 1290 3025 ‹

234 3078 507 3164 hemisphaerium
525 3082 673 3147 ablatum
697 3094 786 3161 erat,
819 3085 898 3148 item
925 3061 964 3148 N.
990 3084 1202 3163 olfactorius,

236 3188 359 3253 Nervus
380 3209 457 3253 vero
479 3191 609 3274 opticus
631 3213 694 3276 pro
712 3193 839 3279 majore
860 3204 988 3258 tantum
1006 3204 1101 3279 parte
1129 3215 1205 3280 per-

234 3295 350 3362 scissus
370 3289 607 3364 inveniebatur.
642 3301 682 3365 In
706 3303 810 3367 cranii
827 3303 899 3367 basi
915 3304 1055 3368 multum
1073 3303 1206 3390 sangui·
1269 3338 1271 3346 v

233 3401 516 3492 nis'eoagulatum
533 3409 758 3493 reperiebatur
778 3422 809 3475 et
826 3413 958 3476 alterius
976 3392 1207 3499 hemisphaerii

234 3527 267 3580 et
290 3517 443 3581 cerebelli
465 3539 541 3582 vasa
564 3521 731 3607 sanguine
744 3523 885 3609 turgida.

231 3789 576 3817 μ

263 3898 303 3968 (1)
324 3897 393 3949 Huic
427 3897 607 3964 experimento
641 3897 725 3947 adsuit
759 3899 905 3951 commilito
931 3897 1120 3951 Ornatissimae
1146 3912 1207 3968 vert
1247 3914 1251 3919 ·

266 3975 269 3982 ¹
321 3991 430 4050 naver,
450 3979 598 4064 Medicinae
616 3977 755 4031 studiosus.
826 3995 830 4001 ⁴
