2596 4718
612 347 679 428 ‚97
783 453 788 465 Ι

110 569 113 573 ’
173 520 253 596 mihi
281 529 437 616 contigit,
471 546 598 592 ramum
625 527 718 592 illum
739 527 961 614 conjunctum
974 547 1042 592 esse
1058 542 1135 592 cum

171 639 305 703 ramulis
335 634 511 702 branchias
542 634 754 713 adeuntibus,
791 635 868 700 dein
902 656 978 700 cum
1006 637 1134 700 ramulo

171 746 325 812 intestina
345 755 493 831 petente,
519 746 653 809 tandem
673 765 749 808 cum
775 745 861 820 alio,
893 744 953 830 qui
971 743 1006 808 in
1025 745 1151 828 capite,

170 876 238 920 sese
263 855 457 919 distribuere
476 854 623 930 videtur,
650 854 708 940 qui
733 873 811 920 vero
837 853 923 917 adeo
943 853 1048 917 tenuis
1069 863 1132 928 cst,
1230 921 1232 926 ,

171 973 208 1026 ut
226 965 401 1028 oculorum
422 963 527 1026 aciem
545 962 690 1048 effugiat.
754 992 760 1004 ·

214 1071 285 1134 Tali
313 1072 414 1150 modo
441 1091 550 1135 ramus
575 1071 720 1135 lateralis
744 1070 841 1136 Nervi
857 1070 932 1156 vagi
948 1090 1016 1134 sese
1034 1068 1136 1134 hahe-

170 1178 229 1243 bat
256 1181 292 1243 in
312 1179 446 1266 gyriuo,
482 1179 603 1266 quiin
629 1200 669 1243 co
687 1188 774 1256 erat,
799 1189 836 1242 ut
855 1177 1135 1265 metamorphosin
1170 1253 1177 1269 ,

169 1287 302 1352 subiret.
336 1320 386 1334 ·—-
426 1288 549 1351 Nervus
585 1285 808 1373 sympathicus
847 1288 881 1351 in
913 1286 979 1352 hoc
1009 1288 1133 1364 stadio,

169 1397 304 1461 omnino
339 1396 450 1461 deesse
486 1397 626 1462 ridetur.
691 1396 925 1482 Progredientc
959 1406 1135 1462 metamor·

160 1504 280 1590 ‘phosi,
319 1505 377 1569 ubi
408 1506 606 1591 posteriores
632 1507 851 1569 extremitates
871 1504 944 1590 jam
971 1506 1136 1590 quodam-

169 1613 271 1678 modo
298 1634 366 1678 sese
394 1614 604 1689 evolverunt,
634 1614 757 1677 Nervus
775 1611 999 1700 sympathicus
1016 1615 1138 1678 tenuis-

168 1724 267 1787 simus
288 1721 399 1786 adhuc
427 1733 487 1786 est.
521 1722 657 1787 Tenues
679 1742 758 1788 vero
778 1721 849 1808 ejus
869 1724 1014 1787 ramulos
1033 1723 1138 1787 oculis

168 1833 307 1896 lustrare
323 1831 416 1908 licet,
438 1830 596 1916 imprimis
618 1851 689 1907 eos,
715 1831 774 1917 qui
792 1852 868 1895 cum
885 1831 986 1895 Plexu
1004 1830 1135 1895 lumbo-

168 1939 350 2005 ischiadico
371 1940 544 2026 conjuncti
565 1950 650 2003 sunt.
696 1939 900 2004 Procedente
923 1937 1033 2003 adhuc
1058 1959 1135 2005 evo·

144 2105 147 2116 .
168 2050 312 2129 latione,
346 2048 469 2113 Nervus
488 2046 710 2134 sympathicus
728 2048 894 2113 volumine
914 2048 1028 2135 augeri
1045 2048 1138 2113 vidc-
1185 2060 1188 2067 “

170 2160 241 2237 'tur3
266 2168 367 2243 atque
387 2166 466 2221 tunc
485 2156 619 2221 tandem
640 2167 729 2220 totus
749 2158 898 2222 evolutus
915 2157 1135 2242 conspicitur,

168 2265 226 2330 ubi
246 2265 518 2350 metamorphosis
537 2267 683 2351 perfecte
705 2277 752 2330 est
775 2266 937 2331 absoluta.

213 2375 322 2440 Facile
349 2375 422 2461 quis
449 2374 579 2452 credat,
603 2356 730 2440 ramum
754 2373 924 2439 lateralem
946 2372 1043 2442 Nervi
1061 2377 1138 2463 vagi

128 2543 134 2550 ,
168 2484 286 2551 sensim
304 2485 488 2571 sensimque
504 2477 718 2570 grandescere
735 2494 768 2549 et
794 2502 1001 2562 evanescere,
1024 2485 1166 2569 prouti1
1211 2500 1216 2507 “

169 2595 292 2659 Nervus
317 2592 541 2680 sympathicus
559 2595 731 2671 increscit,
763 2576 812 2657 ita
831 2603 867 2657 ut
890 2594 986 2659 Nervi
1003 2613 1134 2679 sympa-

168 2700 249 2768 thici
267 2703 506 2767 incrementum
537 2702 634 2771 Nervi
665 2701 741 2788 vagi
767 2702 978 2767 decremento
1000 2701 1135 2766 omnino

165 2811 376 2897 respondeat.
420 2813 493 2876 Hoc
514 2822 623 2876 autem
640 2812 753 2877 locum
769 2810 903 2875 minime
922 2808 1037 2889 hahet3
1058 2830 1133 2875 eva·

167 2921 273 2986 nescit
291 2931 372 2984 tunc
393 2921 529 2986 tandem
554 2940 665 2984 ramus
686 2920 742 2984 ille
766 2919 909 2985 lateralis
928 2919 1025 2985 Nervi
1041 2918 1132 3006 vagi,
1245 2972 1249 2980 .

165 3029 305 3117 quando
321 3030 454 3095 Nervus
481 3028 704 3117 sympathicus
728 3027 802 3117 jam
832 3029 963 3115 penitus
988 3028 1137 3094 evolutus

164 3149 223 3205 est.
253 3173 299 3186 -
325 3118 427 3203 Initio
456 3139 543 3203 enim
568 3136 870 3223 metamorphoseos
898 3139 987 3204 totus
1014 3139 1137 3204 Nervus

164 3268 267 3334 vagus
300 3247 380 3312 ‘cum
411 3249 563 3313 omnibus
591 3249 657 3313 suis
682 3249 781 3313 ramis
808 3247 925 3312 sensim
945 3247 1133 3334 sensimque

164 3357 339 3434 increscit,
370 3358 417 3422 ita
445 3368 482 3422 ut
510 3379 579 3422 non
601 3358 703 3422 modo
724 3379 844 3446 ramus
865 3356 1028 3422 lateralis
1050 3354 1135 3443 (tum

163 3467 280 3551 quoad
314 3463 571 3552 longitudinem,
605 3476 675 3530 tum
705 3460 820 3553 quoad
851 3462 1044 3550 ambitum),
1076 3464 1134 3528 sed

165 3575 265 3639 etiam
290 3576 548 3663 omncs-reliqui
564 3577 648 3641 rami
668 3577 715 3640 ita
735 3575 839 3662 magis
855 3576 1026 3660 magisque
1043 3573 1134 3638 evol-

159 3691 295 3759 vantur,
319 3693 357 3747 ut
375 3693 542 3769 postremo
567 3685 703 3750 eaedem
726 3680 1002 3769 ramificotiones
1022 3701 1132 3766 aeque

149 3787 271 3877 facile
290 3791 578 3883 dahtz'aguantur,
603 3818 646 3860 cc
664 3783 758 3858 rami
771 3787 883 3857 Nervi
899 3792 988 3877 vagi
1002 3790 1041 3851 in
1053 3791 1132 3875 pis-

159 3901 268 3966 cibus.
291 3937 336 3949 —
357 3901 428 3969 Una
446 3925 522 3969 cum
542 3903 625 3970 rami
645 3901 791 3967 lateralis
808 3901 1013 3967 incremento
1032 3896 1131 3961 etiam

314 4016 319 4030 '
1000 4007 1019 4070 7
