2596 4718
717 337 760 409 60

254 548 393 638 pedibus
410 539 582 619 insisteret,
606 545 728 630 erigere
748 556 887 610 conatus
906 569 990 625 sum,
1014 550 1071 613 sed
1087 552 1220 619 frustra.

253 658 360 724 Facile
389 655 523 742 quidem
550 653 612 716 fuit
641 655 925 747 animadvertere,
956 660 1078 724 animal
1106 683 1220 728 omnes

252 769 334 834 vires
355 751 543 838 intendere,
568 770 604 825 ut
625 783 691 862 sese
710 763 867 849 erigeret,
901 766 959 829 sed
975 765 1066 831 haud
1086 772 1216 849 valere,

135 891 138 897 ·
250 876 343 942 acsi
370 893 466 938 omne
490 891 622 957 prorsus
648 872 880 956 aequilibrium
900 875 1067 941 amisisset.
1110 879 1219 967 Caput

251 983 402 1071 oblique,
415 980 504 1045 collo
519 979 649 1065 stricto,
663 979 834 1058 efferebat,
850 976 1028 1048 anteriores
1039 996 1145 1064 artus,
1159 1011 1219 1074 pe·

201 1080 207 1092 ’
247 1092 344 1158 dibus
363 1087 560 1163 contractis,
585 1097 788 1171 postrorsum
806 1091 1022 1170 extendebat,
1051 1098 1217 1180 posterio-

181 1186 185 1190 ’
247 1223 299 1267 res
324 1209 413 1264 artus
441 1207 558 1263 contra
578 1207 788 1274 antrorsum,·
808 1199 855 1264 ita
874 1201 963 1266 utin
983 1202 1055 1287 ipsi
1074 1204 1132 1270 itta
1155 1227 1214 1285 co·

244 1310 335 1398 poris
360 1307 523 1394 positione
551 1306 673 1369 animal
703 1317 788 1371 stare
821 1329 954 1400 prorsus
989 1333 1057 1376 non
1082 1324 1212 1398 posset,

246 1417 396 1505 quamvis
420 1416 472 1480 vel
498 1415 637 1479 maxime
667 1415 813 1499 cupiens.
836 1452 881 1464 -·
904 1417 1012 1498 Quum
1034 1430 1110 1485 ante
1131 1442 1215 1507 ope-

245 1527 424 1602 rationem,
446 1525 579 1590 circiter
595 1545 655 1608 per
677 1533 756 1588 octo
774 1521 931 1591 horarum
950 1527 1110 1613 spatium,
1133 1529 1218 1596 nihil

173 1682 175 1686 -
245 1636 389 1701 alinrenti
418 1634 599 1709 sumsisset,
633 1634 772 1719 aliquod
805 1645 932 1720 tempus
950 1647 1026 1721 post
1046 1641 1214 1724 operatio·

243 1769 319 1811 nem
336 1744 429 1810 cibus
446 1741 656 1806 offerebatur.
690 1740 904 1828 Perspicuum
922 1755 1010 1823 erat,
1034 1768 1104 1810 non
1121 1748 1214 1814 dees-

241 1878 274 1922 se
294 1855 361 1920 eibi
382 1851 597 1927 desiderium,
623 1852 734 1916 deesse
749 1853 832 1917 vires
854 1851 898 1917 ad
918 1855 1127 1940 capiendum.
1172 1857 1213 1928 In

239 1965 327 2030 latus
345 1960 566 2027 decumbebat
586 1962 725 2038 animal,
751 1971 853 2048 caput
874 1946 1116 2051 artusque'huc
1131 1969 1212 2035 illuc

241 2092 386 2139 movens.
416 2105 462 2117 ——
490 2068 680 2135 Irritantem
708 2073 874 2136 stimulum
904 2074 1040 2159 quidem
1070 2076 1212 2165 effugere

89 2156 93 2163 '
159 2233 161 2239 .
242 2180 446 2256 conabatur,
459 2190 507 2254 ‚at
524 2200 602 2244 vero
621 2190 729 2243 motus
744 2178 834 2245 hunc
853 2182 888 2245 in
905 2182 1005 2247 finem
1020 2185 1211 2254 instituebat

238 2290 372 2356 minime
405 2288 650 2374 respondentes.
706 2288 857 2374 Saepius.
869 2280 930 2375 per
954 2292 1053 2361 breve
1084 2306 1212 2382 tempus

239 2401 412 2464 immotum
445 2391 601 2485 jacebat,
635 2398 713 2462 dein
740 2421 819 2464 vero
847 2421 914 2486 sese
941 2424 1072 2470 movere
1101 2428 1212 2472 rursus

237 2507 437 2594 incipiebat,
471 2527 512 2572 ac
538 2507 564 2570 si
594 2507 717 2593 erigere
745 2529 812 2584 sese
837 2519 869 2573 et
896 2511 1037 2595 pedibus
1062 2513 1209 2580 insistere

237 2619 346 2685 vellet.
392 2615 510 2681 Omnia
542 2614 626 2681 haec
650 2618 834 2686 ,conamina
861 2599 963 2685 irrita
984 2633 1097 2700 erant,
1121 2644 1207 2710 quo·
1289 2661 1293 2668 ·

237 2729 328 2793 niam
346 2725 572 2791 motibusistis
592 2725 882 2811 incompositis'vis
902 2731 1119 2796 moderatae
1140 2730 1210 2820 (co-

237 2835 452 2922 ordinatn'x)
469 2856 552 2907 ,non
575 2836 725 2930 vamplius
750 2847 913 2921 praeerat.
970 2839 1048 2905 Post
1074 2841 1209 2930 longam

132 3011 134 3014 ,
235 2946 388 3012 similium
419 2943 724 3030 phaenomenorum
755 2948 887 3023 seriem,
923 2949 1047 3013 exactis
1077 2950 1210 3016 circiter

200 3138 202 3145 y
235 3055 281 3122 60
296 3063 373 3140 post
391 3054 617 3138 operationem
633 3051 740 3131 horis,
762 3056 896 3120 tandem
912 3068 1026 3121 secuta
1043 3079 1133 3124 mors
1150 3069 1208 3140 est;

162 3211 167 3216 .
234 3140 340 3251 quae,
375 3183 480 3248 quum
508 3142 663 3239 instaret,
697 3164 732 3226 in
759 3164 921 3229 circulum
951 3167 1005 3253 agi
1032 3168 1208 3234 videbatur

168 3326 171 3337 .
235 3273 378 3347 animal,
403 3257 620 3360 quodetiam
649 3274 874 3365 postobitum
905 3276 1114 3343 testabantur
1136 3280 1208 3354 fae,
1272 3303 1277 3322 ·

233 3403 288 3448 ces
309 3381 463 3456 emissae,
489 3381 613 3445 circum
633 3382 776 3471 cadaver
796 3385 832 3447 in
854 3385 934 3449 orbe
955 3386 1120 3452 inventae.

225 3519 232 3528 ·
277 3488 452 3574 Autopeia
473 3484 651 3567 indicavit,
677 3491 895 3570 cerebellum,
919 3474 1055 3558 minima
1077 3505 1207 3560 tantum
1283 3576 1286 3581 ἱ

232 3609 329 3686 parte
350 3595 485 3676 reficit,
511 3598 659 3664 ablatum
681 3600 777 3665 fuisse
803 3600 865 3689 (1)

239 3713 597 3733 ffl-

247 3757 288 3829 (1)
308 3758 377 3812 Huic
400 3758 580 3827 experimento
604 3760 749 3814 interfuere
773 3761 966 3828 commilitones
992 3763 1156 3817 ornatissimi
1173 3778 1208 3816 w.

223 3866 226 3870 ·
324 3855 357 3894 M·
373 3856 397 3904 S,
415 3853 522 3894 sumus
540 3849 568 3894 eb
584 3856 617 3895 ll.
635 3857 771 3898 CUYPRRS
790 3857 853 3898 VAN
869 3859 1129 3913 WIJNOXBERGBN,
1148 3846 1211 3903 ΜΘ·

323 3925 426 3979 dieinae
445 3922 574 3978 studiosi.
