2596 4718
657 344 659 350 ,
686 303 748 372 176

228 508 298 554 rem
314 485 406 550 haud
421 485 677 571 proficiscantur
696 507 716 552 a
735 486 848 554 Nervis
866 484 1062 564 olfactorio,
1085 490 1201 576 optino

231 609 264 662 et
287 595 457 661 acustico?
564 633 567 636 >
963 618 969 627 ·

204 811 206 815 ’
271 818 412 881 Nervum
439 812 682 901 sympathieum
703 815 809 879 solum
828 836 898 880 non
924 807 1116 882 habendum
1132 839 1201 883 esse

229 937 389 1013 tanquam
418 925 622 1010 reliquorum
645 927 792 989 omnium
809 947 987 992 nervorum
1006 927 1132 991 sontem
1150 939 1202 993 at-

227 1057 294 1124 que
310 1045 482 1131 parentem
498 1035 576 1098 satis
593 1045 686 1119 patet
712 1057 751 1100 ex
768 1036 820 1112 iis,
846 1057 933 1122 quae
951 1037 987 1101 in
1007 1038 1115 1122 primo
1136 1037 1202 1104 ca·

226 1148 296 1233 pite
316 1144 413 1232 hujus
433 1145 594 1209 sectionis
615 1143 790 1229 disputavi.
835 1145 1000 1211 Addenda
1021 1157 1134 1210 tamen
1153 1147 1203 1212 vi-

230 1257 351 1321 dentur
368 1254 434 1318 hoe
453 1255 531 1318 loco
550 1255 790 1339 experimenta,
814 1275 901 1340 quae
918 1256 1058 1332 institui,
1072 1266 1110 1320 ut
1124 1278 1206 1342 pro-

228 1365 343 1452 barem
376 1364 576 1450 Ganglz'on,
610 1363 704 1450 quod
736 1364 859 1430 dicitur
889 1367 1079 1430 coelz'aeum
1107 1388 1205 1431 num·
1264 1439 1268 1449 Ι

154 1527 158 1535 .
230 1497 332 1563 quam
358 1495 421 1560 pro
451 1483 566 1539 centro
594 1495 770 1540 nervorum
799 1473 894 1544 Vitae
921 1473 1107 1560 organicae
1138 1497 1207 1541 esse

225 1584 431 1649 habendum.
682 1660 689 1672 ι
921 1604 922 1610 ’

270 1695 311 1759 In
327 1694 439 1758 multis
459 1694 621 1760 cuniculis
639 1694 764 1784 absque
783 1716 904 1782 magna
924 1697 1121 1761 difficultate
1144 1698 1204 1761 ab·

228 1805 351 1871 damen
381 1804 514 1890 aperui,
551 1804 704 1868 intestina
734 1807 858 1871 removi
883 1817 988 1892 atque
1004 1838 1006 1842 ¹
1021 1805 1205 1895 Ganglz'on

228 1916 418 1981 eoelz'acum
438 1917 595 1978 exserui.
618 1912 784 1977 Intestinis
797 1915 832 1977 in
850 1914 914 1978 situ
931 1914 1082 1999 repositis
1102 1924 1204 2000 atque

115 2021 121 2029 ’
226 2025 369 2090 vulneris
389 2023 483 2087 labiis
501 2021 614 2086 sutura
630 2022 836 2108 conjunctis,
864 2024 986 2086 animal
1000 2045 1061 2107 per
1075 2021 1133 2099 14,
1148 2025 1201 2102 26,

228 2136 272 2200 36
293 2134 408 2210 horas,
427 2144 458 2197 et
481 2132 575 2219 quod
593 2154 692 2217 supra
715 2143 777 2210 est,
791 2133 893 2198 vitain
905 2134 1070 2218 protraxit
1082 2180 1089 2209 ‚
1102 2143 1203 2218 atque

226 2243 487 2310 inflammatione
504 2243 647 2328 graviori
662 2243 1003 2327 peritoneimortuum
1020 2252 1068 2307 est
1088 2241 1149 2328 (l)
1161 2278 1205 2290 -

229 2354 264 2418 Si
293 2352 457 2438 Ganglion
484 2352 600 2437 itaque
634 2342 818 2416 coeliacuin
842 2373 905 2438 pro
937 2362 1053 2417 centro
1079 2349 1207 2415 haben-

230 2463 310 2550 dum
345 2470 425 2525 esset
457 2461 496 2525 N.
529 2460 742 2547 sympathici‚
784 2462 906 2526 animal
941 2461 1051 2526 statim
1079 2460 1204 2538 obiret,

229 2572 401 2659 quomado
419 2581 494 2655 post
516 2569 719 2637 ablationem
737 2571 824 2636 illius
844 2571 968 2659 ganglii
987 2571 1208 2636 inflammatio

229 2683 343 2747 locum
364 2681 555 2747 habuisset?

270 2902 328 2966 His
356 2901 456 2989 igitur
489 2902 688 2988 argumentis
716 2903 978 2968 demonstratum
998 2923 1066 2967 esse
1088 2922 1204 2988 spero,

230 3012 419 3099 cujusnam
458 3034 546 3076 usus
586 3015 636 3075 sit
675 3008 788 3077 nexus
827 3017 925 3078 inter
949 3035 1077 3077 neruos
1113 3012 1208 3076 Vitae

228 3121 405 3187 Animalia
424 3130 459 3186 et
480 3145 607 3188 nervos
633 3123 728 3188 Wtae
753 3122 967 3210 Orgam'aae.
991 3159 1036 3171 -

204 3459 205 3464 =
259 3424 300 3496 (1)
319 3425 385 3477 Duo
416 3441 449 3476 ex
476 3423 519 3477 his
544 3424 730 3493 experimentis
754 3424 859 3498 institui
887 3394 1071 3506 praesentibus
1096 3425 1212 3479 commi·

319 3507 449 3560 litonibus
478 3509 641 3572 amicissimis
667 3523 697 3562 a.
724 3523 754 3561 Δ.
781 3524 913 3567 nattam
939 3526 987 3574 stt.
1010 3518 1038 3565 et
1066 3524 1098 3563 Η.
1127 3525 1155 3564 c.
1182 3521 1212 3560 Η.

321 3605 523 3661 ruoasncrs,
540 3593 615 3648 Med.
635 3593 800 3647 candidatis.
1174 3613 1177 3618 ⁴

672 3793 757 3808 ..ι-
