2596 4718
193 395 255 439 vlu

189 555 348 648 positum
375 559 463 616 erat.
519 533 651 616 Eodem
679 555 769 616 enim
799 553 861 616 illo
895 562 1063 642 tempore,
1100 580 1169 643 quo

195 673 397 757 systematis
428 674 573 734 neruosi
606 670 789 735 studiosae
824 670 1095 758 incestiqationi
1130 700 1173 740 ac

189 793 476 877 perscrutationi
509 812 560 852 me
594 791 828 865 tradideram,
865 791 973 853 simul
999 796 1104 855 etiam
1131 798 1169 856 in

197 907 300 993 lonqe
322 907 397 970 alid
413 905 569 991 suturae
592 906 871 969 Dissertationis
896 910 1045 971 materici
1070 910 1169 972 colli-

193 1024 311 1118 qendoi
335 1033 369 1087 et
390 1023 607 1086 elaborandd
630 1032 821 1108 occupatus
843 1046 955 1102 eram,
983 1049 1045 1090 nec
1068 1030 1170 1114 quid-

195 1163 301 1227 quam
329 1143 544 1202 intentatam
571 1140 826 1226 relinquebam,
853 1145 1040 1227 quominus
1069 1166 1171 1230 eape-

194 1263 303 1334 rirer,
331 1259 420 1343 quid
437 1256 502 1319 titt
526 1260 564 1319 in
579 1266 688 1342 parte
710 1257 849 1323 humeri
865 1259 1042 1336 ualerent,
1068 1261 1172 1346 quid·

196 1397 263 1462 que
277 1373 383 1460 ferre
407 1383 624 1438 recusarent.
893 1378 895 1382 '

246 1494 366 1558 Verum
395 1497 484 1556 enim
511 1515 607 1568 uero,
643 1496 781 1557 interea
806 1481 889 1557 dum
918 1497 956 1556 im
985 1504 1172 1586 utrumque

197 1611 262 1683 lece
283 1614 439 1683 studium
459 1612 701 1687 incubueram,
738 1631 811 1674 nou
839 1611 938 1681 modo
961 1618 1172 1698 propositae

197 1709 476 1799 Itissertationis
503 1739 704 1817 apparatus
725 1732 923 1794 intantum
949 1731 1036 1824 milei
1056 1750 1174 1800 eucre7

193 1861 324 1936 uerat,
350 1849 512 1911 utilium
536 1851 700 1938 anqustis
720 1844 1174 1933 Academicaescmptionis

190 1964 329 2052 fluibus
357 1959 598 2028 circumscribi
612 1971 664 2024 'ac
689 1963 871 2029 ¹contineri
888 1981 959 2026 non
973 1983 1083 2045 posse
1105 1984 1174 2029 ome

197 2087 283 2174 mino
305 2081 635 2170 animadverterem,
661 2079 727 2143 sed
743 2081 893 2164 insuper
911 2082 1016 2142 etiam
1038 2089 1174 2166 tempus

200 2203 309 2278 tacito
331 2211 449 2287 passu
471 2198 727 2283 praeterierat,
754 2196 797 2285 'et
817 2196 893 2260 dies
909 2197 1067 2283 jamjam
1090 2201 1173 2262 ade-

175 2328 178 2333 '
198 2327 273 2394 rat,
300 2317 373 2404 qud
391 2317 515 2382 uanis
527 2315 577 2404 de¹
591 2316 727 2388 causis,
760 2336 851 2400 quas
869 2313 941 2382 ,ltoc
969 2317 1045 2381 t'oco
1069 2339 1173 2381 enar-

197 2458 282 2504 rare
302 2437 359 2500 nil
376 2429 522 2508 attinet,
547 2431 751 2497 Academici
768 2430 918 2495 honores
938 2433 1032 2521 ¹milti
1048 2442 1173 2520 peten-

198 2556 239 2618 di
259 2563 389 2619 essent.
436 2530 441 2550 ἶ

196 2706 212 2726 ··
241 2677 324 2741 Jam
339 2675 468 2758 ipitur,
490 2676 532 2732 ut
547 2691 599 2732 me
618 2667 749 2760 eaistd
766 2638 991 2757 difficultate,
1014 2673 1174 2756 inquam

192 2792 411 2878 imprudens.
427 2810 469 2855 ac
485 2794 635 2875 praeter
660 2791 957 2876 exspectationem
987 2810 1096 2854 meam
1119 2793 1174 2850 in·

198 2910 369 2982 cuderam,
395 2915 573 2991 utcunque
603 2906 816 2991 expedirem,
842 2929 955 2992 neque
977 2910 1016 2970 in
1038 2906 1094 2970 Itis
1119 2928 1173 2991 re-

196 3050 287 3092 rum.
308 3036 569 3110 temporumque
600 3024 783 3108 adjunctis
817 3048 869 3103 me
903 3030 1005 3114 copia
1037 3030 1176 3110 inopem

187 3133 349 3237 faceret,
376 3143 469 3206 nihil
485 3141 604 3227 ferme
631 3143 735 3231 aliud
760 3143 849 3206 milti
867 3166 1055 3230 superesse
1080 3144 1176 3209 mde—
1205 3200 1207 3205 .

191 3257 318 3330 batur,
351 3257 483 3316 nisiut
503 3254 678 3318 velillum
704 3276 830 3351 mapno
858 3277 942 3350 cum,
960 3253 1079 3336 dabore
1105 3252 1176 3317 col-

192 3373 325 3440 lectum
353 3382 388 3435 et
406 3374 662 3458 propemodum
682 3375 732 3437 ad
747 3369 1005 3460 perfectionem
1034 3395 1076 3436 ac
1101 3393 1175 3432 nua-

196 3494 380 3554 turitatem
395 3494 605 3577 perductum
618 3500 834 3584 apparatum
837 3487 1179 3574 frustillatimqua-

194 3608 233 3671 si
250 3602 479 3702 dissecarem,
505 3619 541 3674 et
562 3632 605 3674 ea
627 3632 666 3674 eo
685 3609 827 3694 aliquid
854 3616 1034 3694 tamquam
1055 3610 1176 3679 imma-

116 3699 120 3708 *
188 3731 316 3789 turum
337 3749 400 3794 nec
420 3731 495 3790 suis
519 3728 682 3822 numeris
707 3725 908 3796 absolutam
929 3734 1078 3812 partum
1099 3726 1178 3796 ede·

187 3864 286 3920 rem,
312 3845 371 3937 cet
395 3823 450 3908 ut*
462 3847 515 3913 ad
537 3867 632 3911 meas
655 3846 698 3912 de
719 3852 910 3939 systemate
931 3865 1079 3939 neruoso
1104 3863 1175 3933 nou

197 3964 272 4029 nisi
287 3965 324 4029 in
337 3966 522 4050 pm‘uatum
540 3985 643 4030 usum
653 3960 784 4047 factas
798 3963 1077 4039 obseruationes,
1090 3970 1178 4026 tam-
