2596 4718
617 350 661 410 53

161 528 381 614 experimenta
404 537 436 591 et
458 527 685 591 conclusiones
696 546 772 590 vera
784 525 936 592 habenda
947 530 1025 606 sint,-
1039 551 1122 598 non-

160 658 201 702 ne
219 637 368 701 similiter
385 634 468 700 haee
491 634 736 716 demonstrant,
760 637 921 700 diversae
946 638 1128 724 eneepltoli

155 754 281 832 partes
304 747 465 808 dabertus
489 765 649 806 exercere
664 741 886 827 functiones.

175 983 412 1047 ltlxrttnmattra
426 1002 466 1044 rtt-
482 1002 675 1045 annueram
696 1001 867 1046 tttsrtrtt'rn
884 1004 925 1046 Ab
944 1004 1117 1048 annontui!

366 1109 641 1161 reornanrtnttntt
668 1110 934 1169 ΙΈΣΑΙῙΙΝΑῙΠΦΑΙῙ.Ι

396 1329 439 1412 l.)
472 1330 669 1392 areanum
690 1349 721 1390 ur
742 1351 871 1394 canarno.

353 1501 384 1554 A.
421 1501 569 1581 Uarrpsanr
590 1514 762 1552 murratum
789 1515 922 1554 atstmrro.

202 1618 229 1684 I.
253 1619 377 1705 Aperto
406 1619 565 1683 cunabala
590 1619 720 1696 uranio,
745 1619 842 1683 ambo
863 1619 989 1685 cerebri
1009 1621 1125 1688 hemis·

162 1727 299 1813 phaeria
316 1727 446 1792 abstuli.
480 1726 588 1808 Quum
608 1737 684 1791 ante
704 1716 930 1813 operationem
946 1729 1127 1815 ligarentur

121 1863 123 1871 ·
163 1837 280 1922 pedes,
315 1837 437 1900 animal
455 1836 550 1899 anxie
576 1845 608 1900 et
631 1836 834 1901 turbulenter
861 1858 929 1902 sese
955 1839 1147 1923 opposuit,'

165 1946 270 2038 ipsam
288 1966 367 2011 vero
389 1945 614 2030 operationem
640 1967 765 2011 summa
791 1967 866 2010 eum
892 1947 1130 2033 tranquillitate

112 2097 116 2107 ι
163 2075 295 2140 pessum
317 2066 381 2130 est,
414 2076 477 2119 nee
496 2054 572 2118 ulla.
590 2055 714 2119 doloris
738 2056 830 2141 sigua
848 2077 908 2140 per
930 2057 1029 2119 totins
1050 2077 1130 2141 ope·
1205 2082 1211 2089 ·

162 2164 298 2230 rationis
323 2165 498 2229 decursum
518 2163 639 2239 edidit,
668 2164 731 2228 nisi
755 2164 834 2227 dum
858 2165 975 2249 capitis
1000 2166 1130 2252 integu-

165 2283 276 2338 menta
296 2273 538 2338 auferebantur.
580 2271 779 2358 Operatione
800 2273 912 2350 finite,
936 2273 1057 2357 animal
1078 2294 1130 2337 so-

165 2382 213 2448 lo.
229 2383 481 2468 imponebatur,
511 2383 570 2446 sed
602 2405 824 2471 nequaquam
851 2382 930 2448 s'ese.
956 2384 1127 2456 movebat,

165 2513 284 2557 somno
312 2496 434 2578 quasi·
449 2495 677 2577 consopitum.
723 2491 869 2576 Impulse
894 2494 1004 2555 eutem
1022 2480 1133 2576 poste·

165 2600 249 2662 riore
263 2599 424 2685 'eorporis
446 2610 562 2683 parte,
588 2597 772 2663 antrorsum
796 2598 1046 2684 quodammodo
1066 2618 1132 2661 sese

164 2705 328 2771 movebat.
375 2707 417 2781 Ut
442 2727 521 2771 vero
549 2727 738 2790 persuasum
758 2705 930 2782 haberem,
963 2704 1132 2789 impulsio·
1195 2763 1197 2767 .

165 2816 216 2880 nis
233 2814 299 2879 rim
319 2811 416 2900 hujus
436 2812 545 2877 mottls
564 2835 698 2878 oausam
713 2835 783 2876 non
801 2793 887 2889 esse,
907 2815 1032 2899 pedem
1045 2835 1131 2898 pos-

165 2903 327 2988 teriorem
344 2915 501 3009 campesi}
516 2931 627 3009 atque
639 2924 796 2998 extendi,
818 2944 1012 3008 rursusque
1031 2923 1142 2990 demi--

166 3038 214 3113 εἰς
239 3055 308 3119 quo
325 3030 432 3117 sueto
457 3032 596 3096 animal
613 3032 738 3118 pedem
757 3033 807 3096 ad
819 3016 988 3095 'abdomen
1006 3035 1131 3094 traxit.

165 3142 206 3216 In
222 3139 439 3205 anterioribus
453 3139 598 3224 pedibus
621 3140 710 3203 idem
723 3130 919 3203 instituenti
931 3120 1133 3222 experimen,-

103 3251 105 3254 ’
166 3260 236 3315 tum
272 3249 372 3313 iidem
404 3247 663 3313 observabantur
693 3252 810 3312 motus.
857 3247 898 3310 Ut
927 3244 1037 3309 adhuc
1065 3247 1132 3325 evi-

167 3358 297 3422 dentius
317 3377 367 3422 rea
389 3366 574 3430 constaret,
606 3356 755 3420 animalis
779 3355 993 3440 posteriorem
1013 3361 1135 3438 corpo„

166 3467 210 3547 ris
239 3477 368 3550 partem
401 3466 509 3529 cultro
540 3466 726 3529 acutissimo
753 3464 895 3540 irritavi,
938 3484 1006 3550 quo
1043 3463 1134 3526 facto

99 3556 102 3563 .
167 3557 483 3661 stiruulum'effugit,
507 3558 634 3661 'peripue
656 3575 798 3658 spatium
819 3572 974 3636 dimidiae
995 3563 1135 3635 fereul-

167 3689 231 3753 nae
254 3665 438 3749 antrorsum
461 3706 527 3748 sese
548 3677 661 3750 mo'vit.
1065 3677 1071 3686 ’
1103 3750 1106 3755 ,

213 3776 327 3859 Eidem
366 3795 499 3868 animali
535 3794 639 3858 tribus
669 3792 771 3858 horae
802 3789 1053 3891 quadrantibus
1068 3789 1136 3852 fere

104 3944 107 3951 ,
166 3913 260 3994 post,
286 3913 391 3969 toturn
412 3902 608 3970 cerebellum
628 3903 755 3973 auferre
776 3911 914 3967 conatus
936 3920 1015 3977 sum.
1063 3897 1137 3977 Qua
