2596 4718
549 401 552 409 ·
628 364 690 428 76·

211 542 315 616 Recte
342 546 476 634 quidem
502 554 614 608 monet
630 543 681 613 Cl.
705 562 927 635 saeviamus,
948 557 1080 613 motum
1094 549 1128 614 in

114 668 117 673 '
167 639 248 725 sana
279 658 482 743 decapitata.
502 654 633 718 minime
665 675 740 719 cum
767 664 860 721 motu
889 674 964 741 ¹esse
979 677 1128 744 compe·

164 768 322 845 randum,
337 787 436 853 quem
452 764 616 829 atticotos
635 770 766 828 excitat
787 762 1018 830 Galoaoicus.
1051 764 1130 848 Quis

166 886 277 941 autem
297 886 363 952 est,
382 875 444 961 qui
462 872 525 937 bac
546 871 587 936 de
604 893 639 936 re
660 868 813 937 dubitaie
828 873 953 958 possit?
975 872 1130 938 Stimulos

166 985 253 1050 enim
274 982 485 1059 Galvanicus,
505 972 692 1046 immediate
712 992 769 1046 aut
785 982 891 1049 nervis
907 981 1060 1047 motos-iis
1075 992 1129 1047 eut

164 1093 328 1158 medullae
354 1091 472 1177 spinuli
490 1091 691 1177 applicatus,
710 1092 840 1156 directe
858 1089 962 1154 bisin
980 1090 1129 1177 partibus

141 1199 290 1266 'motum
310 1209 487 1286 provocat,
524 1200 637 1286 itaque
663 1200 810 1264 stimulus
836 1198 972 1264 omnino
1004 1198 1127 1265 alienus

167 1309 237 1398 (cui
257 1331 321 1374 nec
341 1309 489 1374 medulla
507 1309 639 1395 spinalis
662 1329 725 1374 nec
747 1309 839 1375 nervi
863 1318 938 1373 sunt
965 1309 1126 1375 amuelac·

164 1419 237 1507 ti),
255 1431 303 1515 cst
323 1418 503 1485 habendus.
550 1419 704 1484 Stimulus
723 1440 802 1486 vero
828 1439 930 1484 ranae
955 1419 1125 1505 decapita-

163 1539 218 1594 tae
239 1530 441 1615 applicatus,
466 1529 609 1593 naturali
635 1529 769 1593 omnino
787 1528 889 1593 modo
909 1528 991 1615 agit,
1012 1529 1125 1592 stimu-

161 1638 209 1703 lat
230 1639 319 1703 enim
343 1649 460 1704 neruos
485 1638 661 1716 sensorios,
687 1639 745 1724 qui
769 1636 858 1701 hunc
880 1638 1048 1729 stimulum
1070 1658 1125 1703 ec·

163 1758 296 1833 ceptum
327 1749 362 1811 in
382 1759 546 1830 centrum,
574 1730 982 1833 (medullam'spinalcm),
1006 1766 1135 1832 propo,

162 1868 294 1946 gantos,
320 1855 378 1921 hle
398 1858 495 1921 solito
516 1856 841 1948 munerefungantur
858 1865 891 1920 et
906 1855 1123 1934 reactionem,

163 1967 290 2032 scilicet
314 1963 423 2030 motde
450 1966 614 2030 stimulum
639 1975 836 2050 provocant.
892 1964 1000 2047 Quem
1023 1963 1127 2030 motus

162 2075 328 2139 stimulum
336 2120 350 2152 ,-
370 2078 488 2140 nervas
508 2054 745 2160 provocatum,
769 2075 902 2142 minime
914 2096 991 2141 oum
1000 2076 1127 2143 stimulo

161 2182 270 2248 motsls
288 2205 349 2270 per
369 2181 633 2259 Galoam'smum
651 2184 778 2262 elicito,
799 2184 1060 2270 comparandum
1077 2206 1136 2250 es·-

163 2314 217 2379 se,¹
232 2292 397 2356 neminem
414 2292 537 2378 effugit.
559 2329 603 2340 -—
617 2272 726 2356 llacile
744 2293 830 2358 enim
846 2293 1039 2383 intelligitur
1054 2303 1128 2379 post

162 2409 308 2475 diversos
327 2409 474 2485 stimulos
496 2420 604 2474 motus
626 2412 792 2503 obseruari
816 2411 971 2478 diverms.
994 2446 1039 2458 —
1059 2412 1127 2475 llo·

162 2528 215 2582 tus
237 2528 346 2582 autem
371 2518 406 2582 in
431 2540 512 2583 rana
534 2518 724 2605 decapitata
745 2521 921 2606 provocati
942 2541 1049 2608 aeque
1068 2519 1127 2584 mi·

161 2611 223 2693 nus
242 2627 419 2693 voluntatis
438 2629 581 2713 speciem
600 2649 682 2714 prae
699 2651 732 2693 se
752 2630 875 2706 serunt,
890 2648 931 2693 ac
942 2630 1056 2694 motus‘
1069 2626 1127 2693 ob·

159 2738 278 2807 servati
297 2737 333 2801 in
352 2738 525 2815 cuniculo,
551 2739 606 2802 cui
625 2723 796 2804 cenobium
817 2739 961 2804 excisum
981 2738 1055 2804 suit.

106 2882 108 2893 =
165 2894 168 2899 -
205 2847 327 2914 Contra
346 2868 401 2922 ca,
427 2867 513 2932 quae
536 2847 682 2932 disputat
703 2847 751 2913 cl.
771 2847 913 2912 Auctor:
929 2849 1128 2912 censorium

160 2978 305 3020 neroum
317 2958 394 3021 ideo
404 2957 568 3021 movendi
566 2954 751 3042 facultate
770 2978 905 3034 carere,
927 2961 1017 3047 quio
1036 2980 1127 3023 mua·

160 3067 258 3130 colos
280 3066 379 3131 haud
394 3067 492 3150 oda't;
516 3066 692 3131 commode
712 3066 817 3131 refelli
836 3077 945 3153 potest
964 3067 1129 3133 inverten-

160 3171 205 3236 do
225 3173 325 3238 verba
347 3174 444 3262 hujus
465 3175 591 3241 theseos
608 3186 641 3241 et
663 3177 916 3255 contendendo,
930 3180 1128 3243 censorium

33 3304 37 3312 ·
65 3291 68 3307 ¹
159 3302 304 3346 neroum
326 3285 403 3348 ideo
426 3287 603 3350 musculos
624 3286 724 3350 huual
743 3287 857 3363 adire,
883 3288 971 3374 quio
990 3305 1128 3350 mouen-

158 3391 200 3454 di
210 3389 396 3477 facultate
419 3403 525 3459 curet.

201 3504 339 3565 Remum
358 3503 525 3588 quendam
543 3503 640 3570 Nervi
657 3505 835 3591 trigemini,
859 3504 895 3568 in
911 3503 983 3568 aliie
1002 3504 1128 3568 anima-

156 3607 243 3673 libus
262 3609 301 3674 ll.
322 3612 440 3696 optici,
466 3613 501 3676 in
518 3613 589 3677 aliis
606 3613 1123 3701 Nerviolfactoriipertesagere,

67 3756 70 3764 -
161 3728 192 3782 et
212 3718 458 3787 sensibilitatem
476 3722 558 3788 lucis
577 3723 611 3787 in
633 3723 845 3801 animalibus,
863 3723 972 3789 'oculis
990 3723 1126 3789 destitu-

158 3827 215 3907 tis,
256 3830 440 3911 observari,
474 3833 566 3899 nullo
590 3834 697 3917 modo·
723 3834 924 3917 Bellabnam
956 3834 1127 3901 theoriam

157 3937 322 4008 infirmare
344 3963 456 4029 posse,
480 3944 601 4041 nemini
623 3965 692 4010 non
712 3944 830 4030 liquet.
