2596 4718
614 394 676 462 107

158 599 219 647 nus
235 586 268 645 et
286 576 370 643 haee
388 575 545 641 animalia
562 584 639 658 post
659 583 806 639 amotum
818 573 1044 662 Eneephelum
1061 597 1130 644 sese

164 696 307 755 movent.

201 799 341 862 Possunt
362 794 497 860 omnino
518 791 620 858 condi
640 793 866 880 hypotheses,
893 815 981 880 quae
1005 807 1133 864 motum

159 907 270 973 cordis
293 906 499 992 aliarumque
518 904 680 990 partium,
704 914 780 990 post
805 904 968 970 divulsum
988 906 1134 992 ipsarum

158 1037 280 1082 nexum
302 1037 379 1081 eum
396 1015 506 1080 nervis
513 1015 613 1082 ‘Vitae
624 1013 802 1091 Animalis,
824 1035 931 1101 aeque
949 1017 1132 1102 explicent,

159 1147 201 1193 ac
229 1135 356 1192 motum
385 1125 513 1189 caudae
527 1124 637 1209 piscis
659 1124 854 1209 decapitati.
898 1126 1021 1193 Verum
1044 1111 1133 1192 enirn

162 1256 241 1303 vero
269 1235 389 1300 talibus
414 1234 664 1322 hypothesibus
690 1256 760 1300 non
787 1235 940 1322 indigeo,
976 1239 1137 1324 quoniam

161 1346 294 1410 minime
326 1344 443 1422 credo,
478 1343 709 1429 phaenomena
747 1342 882 1411 haecce
908 1348 1146 1414 memorabilia·

164 1477 256 1522 meac
278 1455 319 1520 de
340 1454 449 1521 nervis
471 1454 630 1519 theoriae
651 1456 822 1520 contraria
844 1477 913 1521 esse
935 1455 999 1544 (l)

204 1674 340 1738 Praeter
367 1680 552 1736 memorata
584 1682 778 1758 argumenta
807 1673 873 1737 alia
902 1673 1001 1739 etiam
1028 1674 1141 1742 habco

164 1783 353 1869 etquidem
370 1781 498 1854 valida,
522 1777 610 1866 qu'ae
637 1781 798 1865 probant,
820 1803 938 1849 nervos
956 1786 1054 1853 Vitae
1079 1787 1142 1867 Or·
1239 1821 1244 1827 ·

165 1895 305 1981 geniceo
332 1913 351 1955 a
378 1890 487 1957 nervis
507 1891 658 1955 motoriis
684 1890 780 1960 Vitae
801 1893 961 1959 Animalis
987 1896 1144 1966 morendi

164 1996 318 2089 e'ccipere
338 2002 544 2066 facultatem,
567 2035 612 2048 -
629 1999 759 2086 Operae
779 2004 924 2088 pretinm
945 2016 1009 2083 est,
1034 2017 1142 2071 atten-

166 2115 244 2181 dere
265 2113 310 2177 ad
327 2112 438 2176 cordis
447 2110 651 2196 pulsationes
661 2110 697 2175 in
707 2113 939 2183 affectionibus
949 2114 1059 2180 Animi
1073 2116 1140 2206 (2),

165 2224 227 2290 suh
258 2223 379 2311 quibus
409 2241 531 2306 corpus
558 2220 726 2284 interdum
752 2233 809 2287 aut
833 2244 967 2306 prorsus
986 2226 1142 2312 quiescit,

165 2344 223 2399 aut
251 2343 361 2398 motus
389 2331 547 2395 animales
578 2351 648 2394 non
680 2330 778 2408 alios,
816 2354 918 2417 quam
948 2337 1146 2423 perexiguos

166 2443 295 2508 exserit.
319 2477 364 2488 ·-
386 2441 495 2526 Vulgo
520 2441 621 2504 talem
640 2441 863 2526 pulsationem
885 2465 926 2508 ex
944 2447 1148 2533 sympathia

166 2553 335 2638 explicant
348 2550 418 2620 Viri
428 2550 525 2615 Docti
535 2598 543 2627 ‚
554 2551 607 2615 vel
618 2551 730 2633 potius
739 2552 906 2636 explicare
917 2573 951 2616 ee
958 2554 1145 2638 perhibent.

169 2662 325 2726 stimulus
344 2673 455 2725 tamen
473 2660 610 2747 quidem
631 2659 744 2723 adesse
762 2659 877 2740 dehet3
898 2660 958 2747 qul
980 2662 1023 2727 ab
1040 2664 1147 2729 Ence-

169 2770 272 2857 phalo
290 2772 461 2857 profectus
477 2770 513 2833 iu
531 2789 650 2834 nervos
669 2778 763 2854 agat,
790 2769 926 2835 difficile
944 2772 1145 2856 explicatur,

171 2883 229 2947 sed
249 2903 414 2970 perquam
434 2878 618 2946 verosimile
641 2889 705 2955 est,
740 2878 848 2964 ipsum
871 2901 1049 2946 nervorum
1075 2902 1148 2946 mo·
1227 2954 1230 2960 ‚

171 2993 333 3057 toriorum
355 3012 420 3079 ope
441 2991 609 3055 actionem
637 3009 730 3053 suam
752 3010 916 3055 exercere.
939 3025 984 3040 -··
1005 2991 1058 3056 An
1083 2983 1150 3055 alia

203 3320 246 3392 (1)
266 3319 349 3390 Quod
369 3320 404 3371 ad
422 3327 525 3372 motum
545 3319 635 3373 cordis
653 3319 765 3384 attinet,
785 3337 869 3371 massa
884 3335 984 3376 nervea
1001 3317 1081 3375 Vitae
1098 3318 1158 3387 Ol·-

264 3404 369 3473 ganicae
387 3421 436 3472 per
457 3404 594 3474 quoddam
611 3404 738 3473 temporis
756 3403 928 3459 intervallum
950 3403 1023 3469 vim,
1043 3421 1160 3456 amessa
1224 3461 1227 3470 ,

264 3506 364 3543 nervea
382 3487 461 3540 Vitae
488 3488 618 3542 Animalia
636 3496 788 3557 acceptam,
813 3488 930 3541 retinere
947 3493 1045 3557 potest.
1080 3487 1160 3541 Conl-

269 3574 319 3624 inf.
337 3591 395 3642 pag.
415 3574 477 3626 174.
1118 3586 1120 3591 “

206 3657 248 3728 (2)
269 3655 345 3728 Quid
362 3658 453 3711 Animi
472 3655 623 3727 pathemeta
640 3658 746 3713 valeant
760 3656 795 3710 ad
810 3655 1053 3708 inflammationem
1069 3669 1162 3706 cursus

263 3749 291 3794 et
309 3742 404 3795 solitos
422 3744 509 3797 exitus
533 3743 691 3807 mutandos,
718 3740 780 3794 satie
799 3747 911 3792 constat.
946 3737 1026 3790 Conf.
1041 3751 1064 3798 J.
1083 3750 1113 3789 L·
1132 3751 1161 3791 c·

269 3837 451 3880 scanonoea
477 3840 542 3880 vnn
566 3841 628 3879 oen
655 3837 754 3890 noan,
782 3826 982 3877 Observationes
998 3824 1164 3875 anatomico-

266 3910 432 3976 patlrologiei
449 3917 475 3963 et
488 3909 606 3977 practici
623 3912 790 3978 argumenti,
810 3907 950 3961 fasciculus
969 3906 993 3958 Ι.
1023 3905 1160 3961 Amstelo·
1251 3973 1254 3978 .

270 3992 342 4045 dumi
361 3991 440 4047 1826.
458 4011 520 4062 pag,
538 3993 582 4046 ³7.
