2596 4718
665 387 728 454 los

209 583 256 639 cst
273 570 342 659 (l),
376 570 455 634 dum
481 578 591 633 motus
611 567 761 632 animalis
785 576 818 631 et
844 567 986 631 sensatio
1016 566 1065 654 (in
1086 579 1175 636 statu

206 679 360 768 normali)
389 680 426 742 in
453 677 517 743 hac
538 678 675 762 capsula
701 676 950 743 desiderantur?
994 678 1176 747 Secretioni

204 793 305 878 igitur
321 797 462 874 praeest.
490 823 535 835 -
563 787 716 867 Quonam
741 786 879 852 consilio
902 786 1026 853 Nervus
1049 790 1177 857 media-

204 922 267 964 nus
284 898 432 963 Arteriae
450 894 613 960 brachiali
630 896 775 961 ramulos
793 897 1006 981 suppeditat?
1050 899 1116 965 Cur
1134 900 1175 968 N.

205 1008 342 1074 cruralis
370 1006 518 1072 Arteriae
548 1005 697 1091 ejusdem
733 1005 897 1071 nominis?
949 1008 1051 1076 Multa
1076 1010 1175 1095 plura

201 1119 324 1204 possim
356 1117 471 1181 afferre
502 1126 712 1201 argumenta,
748 1116 846 1200 plura
877 1125 988 1181 tamen
1016 1102 1197 1205 attingere

201 1228 324 1306 nolim,
366 1250 408 1292 ne
442 1225 574 1290 Lectori
603 1224 749 1289 taedium
776 1235 958 1290 moveatur.
1015 1227 1081 1291 Sed
1106 1227 1173 1294 hoc

202 1358 305 1401 unum
320 1358 437 1422 urgeo,
458 1335 631 1422 quomodo
651 1333 829 1399 sensationi
844 1335 1003 1400 inservire
1016 1349 1171 1423 possunt,

200 1446 261 1509 nisi
298 1456 407 1510 cutem
441 1454 573 1531 petant,
614 1443 747 1508 cuinam
781 1445 886 1509 motui
919 1446 1069 1524 animali,
1112 1447 1175 1514 nisi

201 1557 390 1620 musculos?
411 1590 456 1602 --

241 1666 315 1729 Jam
332 1666 369 1729 in
389 1665 644 1729 Introductione
666 1661 714 1751 (2)
734 1661 834 1749 hujus
851 1663 1082 1748 disputationis
1099 1687 1173 1731 mo-

196 1775 270 1851 nui,
297 1775 408 1838 omnia
426 1772 657 1859 phaenomena
673 1773 759 1838 vitae
780 1772 824 1836 ad
844 1777 917 1837 trr'a
935 1793 1030 1858 posse
1041 1774 1171 1854 referri,

159 1918 161 1924 2
198 1883 324 1948 scilicet
342 1883 387 1946 ad
405 1892 548 1960 motum,
570 1905 713 1948 sensum
728 1867 760 1946 et
775 1886 1172 1969 matem'ez'permutatio·

198 2016 286 2058 nem.
310 2028 354 2039 —
374 1993 414 2056 In
434 2002 522 2057 statu
544 2012 625 2055 san-o
645 1992 715 2055 sola
738 1992 821 2055 cutis
842 1991 980 2078 ejusque
1000 2013 1172 2077 processus

195 2102 338 2186 proximi
365 2103 471 2166 sensui
499 2101 654 2189 (excepto
680 2098 774 2192 sensrl
805 2103 922 2165 summi
946 2101 1083 2189 ordinis)
1109 2124 1171 2189 pa-

195 2223 280 2289 tent,
307 2213 385 2275 dum
406 2213 440 2275 in
459 2212 614 2275 musculis
634 2211 730 2278 Vitae
750 2210 909 2275 Animalis
928 2221 1078 2275 motuum
1098 2215 1172 2278 ani·

195 2322 332 2404 malium
343 2321 434 2386 sedes
450 2333 513 2401 est;
532 2321 681 2384 materiei
700 2330 811 2384 autem
831 2323 1032 2406 permutatio
1043 2322 1079 2388 in
1097 2323 1171 2388 uni·

193 2453 288 2498 verso
310 2452 450 2515 corpore
469 2432 650 2516 peragitur.
674 2467 719 2477 —-

236 2542 292 2605 llis
309 2541 424 2626 itaque
443 2539 764 2603 considerationibus
791 2560 854 2604 nec
879 2560 948 2603 non
969 2541 1169 2626 argumentis

191 2651 228 2714 in
253 2651 363 2716 hocce
392 2649 501 2733 capite
529 2648 638 2712 allatis
663 2648 845 2733 perductus
877 2649 1078 2714 concludere
1106 2671 1168 2714 au·
1217 2720 1219 2731 ¹

196 2760 260 2827 deo
272 2786 280 2826 ε

280 2874 309 2938 l.
342 2872 461 2938 Omnes
481 2893 614 2949 nervos,
640 2881 710 2937 tum
730 2892 748 2935 e
768 2873 808 2936 N.
830 2869 1036 2958 sympathico
1063 2871 1165 2958 origi·

337 3003 414 3048 nem
432 2981 612 3060 trahentes,
630 2993 700 3048 tum
718 2982 763 3046 ad
778 3003 897 3049 nervos
914 2982 1011 3050 Vitae
1027 2980 1161 3045 Anima·

339 3093 386 3156 les
413 3092 629 3176 pertinentes,
662 3090 820 3178 (exceptis
847 3093 885 3156 N.
914 3092 953 3155 N.
968 3091 970 3099 '
983 3091 1166 3159 olfactoriis

339 3201 459 3286 opticis
476 3211 508 3265 et
527 3200 697 3278 scudicia,
721 3201 779 3290 qui
795 3221 858 3265 nec
875 3209 985 3266 cutem
1000 3222 1063 3266 nec
1074 3222 1164 3266 mus-

190 3388 538 3403 *nnn——

216 3496 258 3564 (1)
279 3493 409 3565 Quamvis
425 3497 519 3548 falsum
536 3498 590 3562 sit.
607 3498 683 3567 quod
701 3499 839 3552 contendit
856 3511 957 3552 aucta
977 3499 1013 3568 (s.
1026 3513 1053 3552 c.
1064 3511 1165 3553 tuctu

175 3645 178 3650 ⁵
277 3584 405 3646 quaedam
428 3584 622 3633 observationes
648 3586 811 3634 anatomicos
836 3585 906 3633 circa
930 3599 1024 3634 nervos
1048 3586 1164 3633 arterias

275 3663 416 3727 adsumes,
438 3664 471 3714 F.
489 3682 512 3715 a.
530 3663 570 3715 M.
590 3665 667 3716 1810.
684 3667 726 3716 40.
761 3652 865 3716 Nstn's
883 3667 999 3730 Archiv,
1019 3661 1161 3715 Tom.Xl.

276 3745 353 3796 1809.
372 3745 439 3798 Tab.
459 3747 512 3798 Xl.
531 3747 593 3815 lu),
620 3765 717 3802 nervos
738 3747 766 3799 in
786 3747 913 3800 cellulosa
932 3747 1086 3799 arteriarum
1104 3753 1164 3800 ter-

273 3828 391 3893 minare,
410 3827 508 3881 horum
524 3838 610 3882 tamen
624 3847 770 3890 nervorum
789 3829 852 3884 fiais
867 3831 896 3894 ia
912 3836 973 3883 cute
991 3836 1036 3880 aut
1051 3845 1162 3883 muscu-

272 3913 307 3965 lis
324 3912 437 3968 invcniri
455 3914 527 3970 haud
544 3922 640 3986 potest.

214 3997 255 4070 (2)
275 3995 340 4055 vid.
359 4014 416 4068 pag.
437 4000 462 4052 5.
