2596 4718
551 360 608 423 tot

105 544 187 609 haec
204 541 346 627 accipiat
366 541 505 613 Lector,
527 540 576 603 uti
605 538 702 601 etiem
730 557 784 611 ea,
807 557 895 622 ques
914 538 955 600 de
975 557 1060 603 nexu

104 673 278 718 nervorum
296 647 407 715 semor
430 643 567 711 secundi
585 656 617 711 et
636 647 722 711 tertii
748 644 870 711 ordinis
898 645 1067 711 eumoliis

104 761 210 827 nervis
227 758 321 841 vitoe
338 756 512 832 Animalis,
536 752 695 839 imprimis
719 775 794 820 eum
810 756 915 820 nervis
935 753 1061 831 metris,

104 867 246 935 dicenda
273 865 397 954 habeo,
437 874 469 928 et
497 883 585 950 quae
611 863 697 929 inire
722 863 823 929 fusius
853 873 996 931 tractare
1024 863 1064 926 li·
1134 940 1137 951 Ι

105 986 179 1042 cent
201 975 261 1063 (1).

148 1192 247 1275 Quod
276 1201 384 1259 autem
411 1190 527 1261 attinet
555 1191 599 1254 sd
625 1172 750 1255 nexum
762 1211 936 1255 nervorum
954 1188 1067 1276 gustos

103 1320 180 1367 eum
205 1300 311 1367 nervis
331 1299 427 1366 Vitae
447 1296 650 1384 organicae,
674 1299 729 1361 ille
747 1298 847 1383 plone
863 1298 890 1363 is
915 1307 981 1373 est,
1006 1297 1065 1383 qui

104 1408 220 1475 thesin
236 1428 345 1476 meam
356 1407 495 1492 ,probet3
510 1407 558 1471 illi
569 1406 655 1471 enirn
671 1407 780 1484 nervi,
801 1406 943 1473 cumbis
959 1428 1063 1495 copo·

45 1560 47 1569 ·
101 1517 169 1589 lem
186 1516 349 1592 ineuntes,
373 1515 547 1579 facultates
565 1516 761 1600 vegetativos
776 1517 968 1601 anquirunt„
991 1524 1067 1581 ner-

101 1626 215 1710 visque
235 1625 330 1693 Vitae
348 1622 559 1708 vegetatione
579 1624 613 1687 in
636 1632 723 1687 statu
741 1621 892 1693 abnormi
910 1624 976 1698 rim
992 1645 1065 1689 sen-

26 1792 28 1797 .
99 1733 228 1805 sitirem
256 1731 465 1821 impertiunt,
499 1730 592 1816 quod
620 1730 729 1794 faeere
748 1751 818 1795 non
837 1741 985 1815 possent,
1019 1733 1061 1811 si,

100 1839 307 1915 solummodo
324 1827 455 1929 sennim
470 1840 670 1923 peculiarem
689 1837 861 1916 habentes,
884 1840 1065 1907 sensatione

101 1958 262 2021 sererent.
308 2008 311 2013 .
407 1980 410 1985 ·
612 2014 616 2020 ,
988 2030 991 2038 Ι
1052 2012 1055 2017 .

143 2056 252 2131 Cuivis
278 2064 388 2123 antem
414 2053 587 2121 observare
612 2057 709 2132 lieet,
734 2058 905 2142 quomodo
922 2068 1066 2125 mutetur
1134 2090 1137 2101 ¹

98 2167 146 2232 vis
177 2165 337 2252 organice
368 2164 521 2250 linguae,
563 2166 596 2231 si.
615 2166 655 2231 N.
687 2164 909 2252 sympntbicus
934 2169 969 2233 in
984 2167 1063 2235 -bno

100 2274 197 2341 illese
216 2273 349 2359 regione
368 2272 505 2345 affectus
524 2273 575 2338 sit.
619 2273 659 2339 In
677 2275 907 2343 effectionibus
929 2275 1063 2341 morbae
1127 2290 1130 2294 ’

81 2393 83 2398 '
100 2380 145 2455 sis
170 2381 222 2459 vsi
247 2380 413 2453 levissimis
432 2380 605 2473 enjusdam
623 2385 771 2468 corporis
788 2386 909 2469 portis,
931 2386 1062 2472 lingrme

31 2512 35 2519 ·
98 2498 136 2559 ut
162 2489 339 2574 plurimum
369 2490 510 2555 mutatio
548 2489 768 2562 observetur..
798 2493 883 2559 Nam
911 2494 946 2559 in
970 2495 1065 2563 nullo

98 2597 249 2680 eorporis
284 2606 380 2680 parte
406 2582 475 2671 trin
507 2597 644 2663 crebrae
670 2599 705 2662 in
732 2599 865 2669 dirersis
892 2599 1062 2701 bominum

98 2703 223 2779 morbis
251 2703 424 2777 morbosae
443 2703 665 2777 aberrationes
681 2706 716 2769 in
738 2708 855 2771 oeulos
867 2700 1060 2790 incurrunt3

98 2812 135 2875 in
150 2811 268 2889 oeulos
284 2811 475 2891 innuerunt,
499 2814 655 2899 inquam,
666 2815 826 2900 qnoniam
842 2835 941 2901 saepe
957 2816 1062 2881 multo
1144 2870 1148 2879 .

95 2920 207 3004 plures
234 2917 458 2993 aberrationes
482 2902 600 2985 adsunt
626 2921 662 2989 in
689 2923 760 2986 aliis
779 2921 946 3008 partibus,
978 2924 1063 3012 qnos

98 3038 209 3101 tamen
236 3028 326 3092 ocuti
350 3029 454 3106 nostri
482 3029 634 3116 detegere
657 3050 727 3094 non
751 3031 872 3097 valent.
916 3032 1061 3118 Linguae
1087 3039 1089 3043 ’

95 3146 200 3203 status
238 3136 405 3209 abnormis
441 3119 510 3209 tani
540 3138 657 3208 creber
687 3124 755 3216 est,
780 3150 825 3204 nt
850 3139 886 3207 in
912 3139 1060 3225 pluribus

99 3244 233 3329 quidem
268 3243 390 3309 morbis
419 3248 558 3315 multum
591 3248 677 3319 locis
705 3268 744 3314 ex
771 3247 843 3335 ejus
867 3249 1059 3317 conditione

97 3350 228 3419 medico
258 3351 438 3440 adinlgeat.
461 3389 505 3411 -.-
535 3355 749 3440 liaee-igitur
774 3335 1059 3440 phaenomeno‘ex

126 3680 167 3749 (2)
187 3677 273 3746 Supra
290 3698 351 3756 pog.¹
368 3683 416 3735 131
434 3685 487 3752 jam
505 3683 592 3736 obiter
614 3685 722 3749 monui,
750 3700 876 3754 quaenam
901 3683 935 3734 sit
962 3682 1061 3736 utititas
1158 3727 1166 3736 .

186 3763 295 3831 copulae
313 3776 457 3819 nervorum
479 3767 567 3819 taetris
586 3773 613 3819 et
630 3768 720 3835 gustis
743 3784 801 3819 curn
819 3765 908 3820 nervis
926 3765 1060 3829 meteriis5

185 3845 318 3913 explicari
334 3848 429 3914 etiam,
451 3867 532 3919 quere
547 3857 602 3904 tres
614 3850 656 3903 itti
672 3852 747 3908 nerri
763 3851 852 3904 sensis
867 3849 946 3919 primi
961 3848 1062 3901 ordinis

186 3947 246 3982 curn
263 3930 320 3989 aliis
336 3933 425 3989 nervis
441 3949 495 3987 non
510 3937 660 4002 iungentum
