2596 4718
526 383 528 390 ’
591 374 615 472 ,3

118 564 183 632 to,
201 556 357 640 lectoque
386 554 545 617 electione
573 552 798 618 Conductores
815 572 889 616 suos
909 553 1080 640 (Nervus),
1101 597 1116 608 ,-

117 666 288 729 inactum
315 663 465 739 deducit,
500 672 535 726 ut
552 663 644 748 jussu
668 663 738 748 ejus
762 673 933 747 peragant.
979 663 1085 747 ipsius

56 830 58 837 .
117 783 228 837 eutem
254 774 367 837 Ducis
398 781 445 836 est
475 772 673 855 comperire,
707 773 884 856 quatenus,
916 792 1004 857 quae
1029 764 1088 835 exss

117 881 248 958 seritur,
282 881 386 957 actio,
411 880 549 945 consilio
570 880 785 966 respondeat,
811 891 843 944 et
864 880 1003 971 instatu
1023 902 1083 944 nn·

116 991 216 1054 turuli
239 989 304 1055 hoc
332 990 507 1075 comperit,
541 990 594 1055 rel
614 990 739 1054 soltem‘
755 991 937 1074 comperire
963 1000 1082 1075 potest.

116 1100 232 1180 Quum·
247 1100 345 1185 igitur
366 1098 604 1185 Orgauicurum
625 1100 844 1164 llunctionum
872 1099 1084 1164 excercitium

115 1209 307 1293 interrumpi
331 1207 422 1272 houd
450 1209 567 1293 possit,
604 1229 707 1294 quum
739 1228 855 1293 porro,
893 1209 951 1294 qui
978 1207 1083 1273 hocce
1173 1260 1175 1267 ,

203 1505 291 1560 aeque
310 1486 400 1542 minus
414 1487 544 1561 explicari
558 1499 666 1562 potest,
684 1505 770 1563 quare
786 1487 861 1562 leges
878 1488 962 1556 istae,
984 1487 1086 1562 quibus

94 1577 96 1580 ’
188 1570 322 1638 'Naturae
340 1572 423 1635 Vires
443 1575 607 1643 innituntur,
634 1575 671 1630 ite
691 1587 787 1650 egent,
811 1595 895 1650 quam
912 1596 998 1653 quare
1012 1577 1087 1652 leges

201 1660 317 1732 dentur,
339 1659 439 1735 quibus
455 1661 567 1718 obediat
585 1662 636 1722 Vis
644 1664 751 1724 Vitalis.
789 1666 826 1720 Et
836 1663 909 1738 quod
918 1660 1086 1739 productum

201 1749 285 1808 Vitae
307 1749 461 1824 Orgnnicne
483 1770 534 1806 nec
557 1751 672 1819 imitari,
693 1770 747 1807 nec
763 1770 936 1826 provocare,
956 1771 1008 1808 nee
1026 1763 1085 1809 tum

200 1844 330 1892 stemate
339 1836 475 1911 explicare
483 1837 629 1912 possimus,
641 1856 725 1912 quem
734 1837 898 1913 productum
908 1856 1000 1894 rerum
1009 1837 1087 1915 Phy-

202 1923 323 1978 sicarum
341 1932 370 1977 et
388 1920 596 1994 Cbemicerum,
617 1916 699 1998 hujus
716 1925 756 1979 rei
772 1925 799 1978 in
825 1943 906 1980 cause
930 1923 1084 1995 habeatur,

202 2005 279 2082 quod
301 2011 447 2080 materiae,
474 2013 501 2067 in
521 2031 589 2087 quas
613 2024 699 2086 egunt
717 2012 792 2068 vires
810 2004 958 2070 Chemicae
977 2025 1006 2070 et
1023 2018 1086 2072 Me-

133 2089 137 2105 '
202 2094 349 2167 chunicee,
370 2117 404 2153 eo
423 2101 450 2154 in
468 2108 540 2155 statu
555 2100 581 2175 in
596 2101 702 2158 Netum
717 2098 831 2155 inveniri
847 2099 966 2179 soleant,
985 2101 1012 2155 in
1030 2113 1084 2176 quo

200 2184 257 2239 vim
275 2201 357 2251 suam,
371 2203 497 2241 exserere
512 2187 634 2260 possint3
656 2184 747 2260 quod,
768 2185 862 2259 quoad
876 2188 1017 2245 materiem
1032 2188 1085 2248 Vi-

162 2275 163 2280 ’
200 2284 247 2329 tae
266 2272 434 2348 Orgunicue‚
455 2271 556 2329 haud
548 2285 584 2329 rte
599 2273 690 2336 locum
707 2273 803 2331 babet.
840 2274 928 2331 Nemo
948 2293 1013 2331 sane
1031 2275 1085 2331 mi-

201 2358 319 2429 rabitur,
349 2361 426 2416 vocis
455 2362 509 2419 Vis
530 2355 761 2435 significationem
786 2379 842 2417 non
867 2359 946 2435 plene
974 2360 1085 2437 intelligi

199 2466 299 2524 posse3
327 2446 393 2503 nihil
413 2449 485 2502 enim
502 2448 671 2523 intelligitur,
700 2449 722 2504 si
747 2447 785 2502 ad
805 2466 918 2503 causam
937 2466 1084 2503 causarum
1129 2460 1133 2465 '

200 2531 390 2610 respiciamus.
409 2535 464 2590 Sed
480 2554 536 2590 vox
551 2534 602 2590 ista
610 2535 793 2600 denommatro
804 2545 846 2591 est
854 2533 1002 2609 generalis,
1013 2553 1085 2608 quoe
1123 2570 1125 2575 ·

201 2621 297 2701 ubivis
308 2623 436 2696 usurpari
451 2631 590 2696 potest-et
609 2623 806 2697 compmtioni
823 2634 958 2698 perquam
975 2622 1083 2678 idonea.
1113 2655 1115 2658 ·

235 2711 358 2771 Eandem
369 2730 480 2786 quoque
494 2711 533 2769 ob
549 2730 662 2769 cauum
670 2715 704 2763 τὸ
715 2715 748 2768 V
746 2712 769 2766 r‘s
777 2709 910 2766 Amirralr's
923 2710 1018 2782 potius
1030 2697 1083 2762 mi-

93 2866 95 2870 ,
199 2801 230 2856 hi
250 2819 311 2856 esse
328 2799 439 2856 videtur
457 2810 485 2854 et
504 2791 618 2869 clarius,
639 2817 722 2872 quum
740 2805 773 2854 τὸ
791 2798 914 2853 Amtnus.
938 2794 1000 2867 Non
1016 2793 1083 2850 iude

50 2872 57 2896 ²
146 2942 149 2947 ,
199 2890 336 2963 sequitur,
365 2898 396 2942 ut
418 2887 656 2944 Materialistarum
677 2885 730 2942 sert
753 2874 860 2960 opinio,
887 2880 1015 2939 Animum
1029 2900 1081 2957 pro

197 2975 335 3050 producto
365 2969 527 3033 habendum
555 2992 616 3031 esse
647 2973 809 3030 evolutionis
841 2991 1007 3052 corporeae,
1034 2981 1082 3026 eut
1131 2996 1132 3002 ¹

108 3088 111 3091 ·
198 3082 257 3122 esse
275 3074 386 3140 purtem
405 3061 545 3137 quandem
568 3057 699 3136 corporis.
739 3059 811 3135 Quid
835 3058 943 3150 obstat,
973 3058 1082 3132 quomi-

173 3196 175 3200 .
196 3171 247 3209 nus
264 3152 393 3220 Annuus,
413 3153 470 3208 Ens
484 3149 551 3206 illud
567 3168 671 3217 summe
688 3146 819 3219 sublime,
840 3139 917 3223 'cujus
933 3166 987 3223 ope
1004 3151 1082 3202 Deus

176 3289 179 3296 ,
195 3236 311 3295 Srbrmet
318 3240 416 3314 Ipsum
424 3235 504 3293 nobrs
512 3236 681 3306 manifestat,
699 3234 795 3311 quidni
803 3236 957 3325 Annuus,
950 3254 1078 3310 inquam,

197 3338 260 3384 ante·
284 3330 409 3404 eorporis
433 3316 525 3384 ortum
544 3336 656 3402 etpost
677 3326 736 3400 ejus
757 3321 909 3394 interitum,
935 3326 1082 3400 persistere

193 3405 302 3491 possit?
340 3412 424 3488 Quod
454 3436 570 3498 corpore
588 3411 734 3490 indigeat,
753 3427 784 3471 ut
796 3367 988 3495 obserdabilis
1011 3413 1076 3484 liat,
1146 3435 1149 3444 ·

90 3520 92 3525 ·
120 3539 122 3543 ν
196 3502 273 3577 quod
296 3511 330 3560 eo
355 3501 525 3560 manifestius
546 3521 607 3559 sese
627 3496 771 3570 ostendat,
799 3520 930 3589 suamque
953 3511 1078 3560 naturam
1138 3526 1143 3533 ·

194 3605 229 3646 eo
247 3580 408 3693 explicatius
430 3591 546 3668 prodat,
575 3610 629 3667 quo
652 3589 774 3645 melius'
766 3608 827 3664 ipsa
844 3608 946 3664 organa
969 3591 1080 3665 praeci-

194 3695 265 3750 pua,
293 3680 321 3735 iu
346 3680 447 3754 quibus
464 3679 622 3750 evolvitur,
642 3677 762 3742 evolutu
787 3689 855 3750 sint,
884 3677 1000 3734 dubium
1021 3699 1076 3735 nou

194 3774 251 3834 est,
279 3778 307 3822 et
332 3779 463 3841 quatenus
483 3767 635 3849 Cerebrum
652 3766 815 3842 requiritur,
841 3778 873 3821 ut
897 3767 990 3823 Animi
1005 3768 1079 3830 sires
1150 3768 1153 3778 '

134 3840 136 3855 ¹
196 3874 256 3910 sese
281 3855 454 3931 manifestare
473 3859 596 3932 possint,
624 3869 737 3912 eatenus
755 3876 807 3931 ego
829 3846 969 3912 C‘erebrum
987 3858 1078 3911 Mote-

193 3943 271 4013 riem,
293 3954 320 3998 et
337 3924 464 4001 Antinum
484 3945 551 4004 Vim
566 3946 718 4037 Australem
734 3943 912 4017 nuncupabo.
956 4005 964 4010 ‚
987 3982 989 3988 ·

921 4040 962 4100 l*
