2596 4718
621 353 686 421 loe

172 559 252 609 uem
264 535 408 604 tribuere
424 552 495 600 non
512 540 622 618 potest
638 530 695 595 ille
706 549 841 609 nervus3
853 528 1021 614 ipseenim
1031 549 1146 595 sensa.

172 652 264 716 tione
285 655 388 712 caret.
411 644 525 730 Ipsum
541 662 678 719 nexum,
703 631 886 705 secundum
897 641 1036 705 alteram
1044 639 1149 727 hujus

172 761 310 844 theseos
329 766 475 842 partem,
501 755 571 818 sola
593 753 635 817 de
657 773 758 817 causa
776 773 843 816 esse
865 752 997 829 datum,
1016 762 1055 815 ut
1064 742 1157 815 ner·¹

167 891 228 936 vus
252 876 365 931 noster
384 865 450 932 vim
476 864 697 951 vegetativam
728 864 898 950 acquirat,
930 863 1065 927 minime
1095 871 1147 926 est

167 977 357 1056 verisimile3
380 997 459 1040 nam
479 996 598 1043 nervus
618 994 803 1061 perunum
824 973 1034 1039 solummodo
1054 993 1147 1036 musa
1197 1015 1200 1018 -

169 1088 282 1155 cultim
313 1085 539 1163 distribuitur,
573 1105 692 1151 nervus
723 1084 930 1172 conjungens
945 1083 1147 1148 admodum

166 1199 303 1285 insignis
324 1207 382 1262 est.
419 1197 506 1284 Ergo
527 1197 581 1262 vix
605 1196 809 1290 credendum
826 1207 889 1274 est,
901 1197 1032 1261 nullum
1042 1196 1147 1259 alium

165 1306 265 1394 hujus
284 1306 387 1372 nexds
409 1328 476 1370 esse
498 1328 608 1384 usum,
635 1329 738 1393 quam
762 1317 801 1372 ut
825 1307 927 1371 unico
953 1305 1032 1370 huic
1055 1326 1147 1370 mus-

168 1418 246 1483 culo
271 1418 338 1483 vim
365 1418 557 1504 organicam
577 1417 712 1482 tribuat.
758 1419 902 1484 Nervum
921 1417 1148 1480 obducentem

166 1544 283 1593 revera
301 1529 367 1593 vim
386 1528 580 1614 organicam
600 1529 770 1613 accipere,
788 1529 858 1592 non
868 1527 1026 1614 equidem
1037 1542 1145 1613 nego,

166 1636 225 1702 sed
244 1658 364 1722 scopus
384 1629 484 1723 hujus
503 1635 606 1701 nexus
625 1637 826 1723 praecipuus
846 1647 910 1714 est,
935 1647 973 1701 ut
993 1637 1034 1700 N.
1055 1657 1144 1722 sym·

47 1832 49 1837 ⁴
160 1744 299 1832 pathico
318 1746 366 1811 vis
384 1747 529 1811 motoria
548 1746 796 1832 suppeditetur,
822 1747 919 1832 cujus
935 1746 1077 1842 quidem
1096 1745 1146 1811 vis

162 1857 326 1921 motoriae
347 1878 423 1920 usus
441 1857 477 1920 in
496 1857 604 1920 nervis
623 1857 720 1923 Vitae
740 1857 901 1919 Animalis
925 1857 1144 1920 arbitrarius

163 1977 226 2044 est,
252 1966 287 2032 in
309 1965 417 2032 nervis
435 1987 514 2031 vero
537 1967 635 2033 Vitae
656 1966 859 2051 organicae,
884 1976 1067 2053 postquam
1083 1989 1146 2053 per

161 2077 320 2164 ganglion
350 2076 538 2142 transierint
567 2075 679 2168 nerui,⁶
710 2075 875 2142 voluntati
904 2095 978 2142 non
1004 2078 1145 2164 amplius

165 2186 292 2253 obedit.
313 2223 359 2236 -

169 2337 178 2345 -‹
196 2298 254 2362 =Ne
276 2298 352 2383 quis
373 2295 531 2381 objiciat,
561 2295 740 2360 intersecto
767 2317 855 2360 nexu
876 2298 972 2361 inter
999 2285 1143 2365 Nervuin

162 2403 410 2494 sympathicum
424 2413 457 2467 et
475 2425 614 2470 nervum
629 2405 726 2472 Vitae
742 2406 918 2486 Animalis‚
935 2408 1147 2494 superstitem

162 2516 382 2589 essesmotum
399 2515 510 2579 multis
534 2515 569 2578 in
594 2516 746 2601 partibus
771 2518 872 2581 solius
894 2519 934 2583 N.
960 2518 1147 2605 sympathi-

166 2629 200 2694 ci
225 2626 326 2690 ramis
353 2624 524 2711 praeditis.
581 2626 666 2689 Nam
693 2648 792 2691 nemo
822 2628 891 2692 fere
925 2629 1048 2707 nescit,
1066 2646 1069 2652 ·
1087 2651 1150 2696 cor

163 2737 371 2813 animalium,
396 2757 414 2798 e
433 2755 576 2820 corpore
596 2747 764 2800 exsectum
783 2748 860 2824 post
881 2720 960 2802 satis
982 2757 1149 2826 magnum

159 2847 321 2933 temporis
338 2847 549 2911 intervallum
566 2828 709 2932 pulsare.
755 2848 988 2934 Experimenta
1008 2871 1146 2917 wnrrn

162 2958 327 3048 probant,
351 2957 484 3043 pulsare
501 2978 597 3043 posse
614 2978 675 3023 cor
689 2978 793 3022 ranae
810 2979 872 3044 per
887 2978 1008 3026 novem
1024 2960 1144 3041 horas,

157 3068 339 3155 postquam
370 3067 515 3132 Medulla
545 3069 680 3154 spinalis
710 3068 880 3135 destructa
911 3080 998 3149 erat,
1039 3083 1145 3160 atque

164 3187 269 3261 caput
301 3177 492 3243 abscisum.
526 3180 695 3244 -llaec
729 3180 867 3266 quidem
908 3180 1146 3267 phaenomena

162 3269 525 3351 admodum'notabilia
546 3299 637 3366 sunt,
662 3290 720 3354 scd
738 3271 873 3353 minime
888 3289 1056 3375 probant,
1076 3293 1146 3360 vim

162 3395 340 3461 motorium
370 3396 409 3460 N.
434 3374 638 3483 'sympathici
654 3405 736 3463 'non
765 3399 954 3486 dependere
984 3421 1005 3464 a
1034 3403 1146 3469 nervis

159 3505 308 3570 motoriis
330 3505 427 3574 Vitae
444 3505 615 3572 Animalia·
635 3543 680 3556 -
699 3509 941 3596 comparentur
956 3531 1036 3576 eum
1053 3511 1147 3578 hisce

160 3617 352 3694 metuenti,
378 3619 437 3704 qui
456 3619 492 3683 in
510 3617 656 3705 piscibus
679 3620 782 3706 inque
806 3619 981 3707 amphibiis
1000 3621 1144 3708 quibus·

64 3751 68 3760 ·
163 3723 241 3791 dam
269 3727 467 3813 decapitatis
495 3729 721 3796 observantur.
766 3731 808 3794 In
834 3730 924 3795 hisce
950 3730 1040 3796 enim
1069 3732 1143 3796 ani-

160 3835 302 3901 malibus
324 3860 439 3916 nemo‚
472 3839 508 3904 ni
531 3842 672 3905 multum
698 3840 813 3920 fallor,
843 3839 997 3929 negabit,
1031 3850 1143 3906 motus

163 3945 320 4019 animales
341 3947 384 4016 ab
403 3948 595 4043 Eucephuto
614 3951 772 4039 pendere.
818 3951 928 4026 Nihilo
950 3962 1064 4024 tamen
1080 3952 1144 4024 mi-
