2596 4718
511 375 572 451 loa

97 664 133 742 Si
157 684 266 740 sutem
291 674 350 739 tali
373 673 501 738 ratione
528 663 646 739 sensim
672 673 855 758 'sensimque
880 672 925 737 ad
945 667 1025 738 anie'

53 785 153 850 malia
186 784 289 870 magis
321 782 468 868 perlecta
498 782 754 873 adsuendamus,
794 791 908 847 contra
939 802 1019 867 pro-
1070 849 1074 858 ,

54 893 157 958 latam
189 891 382 957 sententiam
413 891 455 956 de
484 891 672 957 evolutione
707 900 808 978 atque
838 891 1019 977 separatio-

55 1023 98 1067 ne
132 1001 342 1066 materiarum
377 1010 410 1064 et
450 1000 568 1066 virium
607 999 755 1086 objectio
790 1000 826 1063 in
862 1010 1020 1085 promptu

56 1120 122 1187 est,
170 1099 324 1174 animalia
368 1109 503 1173 existere
541 1117 574 1178 et
608 1107 744 1195 quidem
768 1108 947 1193 permulta,
986 1108 1023 1172 in

55 1219 177 1306 quibus
203 1219 368 1303 separatio
391 1218 548 1281 materiae
570 1210 710 1283 nemeae
737 1238 843 1302 aeque
870 1216 1022 1282 absoluta

52 1338 156 1413 atque
184 1327 331 1414 perlecta
358 1347 426 1390 esse
456 1326 604 1404 videtur,
638 1346 679 1392 ao
696 1327 732 1390 in
750 1325 901 1407 homine;
924 1346 1021 1412 prae-

57 1446 147 1502 terea
168 1437 206 1500 N.
230 1433 472 1522 sympathicum
490 1435 526 1497 in
544 1434 652 1511 foetu,
676 1444 745 1498 tum
764 1433 929 1512 humano,
953 1443 1024 1498 tum
1083 1443 1084 1448 ’

40 1545 195 1610 'aliorum
215 1545 454 1621 Mammalium,
493 1543 621 1608 ratione
651 1541 764 1608 habita
788 1543 1025 1631 magnitudinis

55 1657 223 1741 corporis,
256 1654 392 1741 majoris
419 1674 487 1718 esse
513 1653 703 1730 voluminis,
737 1673 838 1739 quam
862 1654 898 1718 in
926 1652 1024 1719 adu-

55 1773 102 1829 to.
125 1797 171 1812 -
191 1763 282 1827 Haeo
298 1772 418 1827 tamen.
429 1770 621 1850 argumenta
638 1759 801 1848 ejusmodi
819 1770 912 1839 sunt,
935 1780 1026 1848 quae

56 1871 156 1936 laoile
178 1870 382 1936 refellantur.
629 1868 633 1878 ’

100 1979 147 2043 Ea
165 1979 252 2044 enim
276 1979 446 2058 animalia,
476 1980 513 2045 in
535 1979 656 2067 quibus
672 1979 757 2045 haec
775 1979 933 2045 materiae
949 1999 1030 2052 ner·

56 2108 138 2155 veae
177 2089 341 2174 separatio
382 2088 588 2167 observatur,
641 2088 792 2155 altiorem
830 2088 1026 2157 evolutionis

57 2198 199 2286 gradm
224 2207 354 2276 tenere,
388 2219 490 2285 quam
515 2219 571 2275 ea,
601 2199 637 2264 in
656 2198 777 2286 quibus
795 2198 912 2264 eadem
931 2217 1026 2291 sepa·

58 2306 145 2371 ratio
167 2325 237 2370 non
251 2307 364 2372 locum
382 2304 501 2385 habet,
526 2307 624 2375 facile
637 2307 841 2395 intelligitur.
869 2306 1023 2384 Alvero,

58 2423 193 2501 praeter
211 2412 297 2480 hano
322 2417 576 2501 separationem,
607 2418 684 2483 oleo
702 2418 802 2482 etiam
824 2419 1025 2507 separatio,

60 2533 94 2588 et
125 2523 261 2610 quidem
291 2524 428 2612 majoris
456 2525 644 2612 dignitatis,
678 2527 840 2603 cernitur,
872 2547 960 2611 quae
990 2525 1026 2589 in

57 2633 253 2710 animalibus
290 2634 543 2719 perfectioribus
573 2656 644 2699 non
681 2635 743 2699 nisi
773 2644 849 2720 post
883 2634 1040 2719 priorem

54 2742 147 2808 illam
170 2743 412 2828 separationem
434 2743 574 2830 eogitari
593 2752 715 2828 potest.

100 2851 303 2939 Hucusque
331 2851 539 2916 solummodo
560 2851 597 2916 in
624 2871 744 2939 genere
773 2849 896 2937 egimus
923 2848 966 2914 de
993 2848 1026 2915 vi

57 2961 216 3048 organica
237 2972 269 3026 et
289 2961 437 3039 animali,
469 2961 619 3027 nondum
644 2979 722 3026 vero
743 2959 786 3024 de
804 2960 955 3024 debersis
975 2959 1028 3021 υἱ·

57 3071 158 3135 ribos
168 3080 237 3135 tam
257 3070 470 3148 animalibus,
491 3090 593 3156 quam
613 3068 796 3156 organicis,
821 3087 909 3154 quae
929 3066 1029 3131 etiam
1112 3052 1117 3057 ’

56 3198 99 3244 eo
125 3180 229 3267 magis
258 3180 468 3257 evolumtur,
502 3190 571 3264 quo
590 3178 694 3265 magis
719 3199 738 3242 a
767 3176 959 3256 seinvicem
977 3195 1028 3240 se·

58 3288 194 3363 cedunt.
213 3288 216 3292 ’
238 3289 344 3366 Nam,
366 3300 405 3353 ut
427 3288 549 3352 animal
570 3288 748 3374 perfectius
768 3287 868 3352 etiam
889 3286 1026 3361 evadat,
1061 3340 1064 3344 .

56 3406 236 3485 postquam
262 3419 368 3463 massa
386 3398 443 3463 illa
466 3419 586 3463 nervea
610 3398 768 3485 organica
789 3415 934 3460 amasso
951 3415 1028 3482 ner·

57 3527 121 3572 rea
139 3507 274 3571 animali
295 3509 444 3588 secessit,
468 3509 647 3596 requiritur
666 3508 820 3584 omnino,
835 3515 872 3570 ut
882 3503 1036 3591 singulae.

56 3616 143 3682 vires
171 3637 296 3682 massae
328 3619 375 3684 sic
406 3628 577 3704 separatae
605 3618 709 3706 magis
736 3615 907 3703 magisque
937 3612 1034 3679 evol*

57 3735 189 3790 vantur.
776 3796 778 3803 ,

102 3832 331 3903 Evolutiouem
363 3838 492 3905 hanoea
519 3841 556 3904 in
584 3839 719 3902 veribus
751 3835 931 3923 organicis
955 3828 1035 3895 ubi-
1134 3862 1136 3867 v

58 3963 126 4030 que
153 3944 265 4011 locum
280 3943 437 4024 babere,
472 3947 525 4015 vix
553 3955 617 4023 est,
648 3945 742 4032 quod
764 3962 927 4009 moneam.
973 3937 1032 4002 lli·
