2596 4718
669 419 670 423 ,
695 369 740 435 84

231 552 316 615 dinis
351 551 435 615 vires
472 551 612 642 manime
641 571 709 615 esee
734 549 892 616 evolutas.
924 586 968 599 —
999 552 1094 635 Quae
1121 573 1212 618 vero,

224 660 394 725 variarum
421 658 538 724 virium
569 659 721 724 evolutio
737 681 847 723 rursus
866 660 910 724 ab
930 659 1076 746 ipsarum
1098 657 1206 748 aepa-
1264 727 1271 737 ,

231 772 369 833 ratione
400 770 535 833 omnino
554 769 735 854 dependet;
760 791 830 855 quo
848 770 952 856 magis
973 770 1100 836 seilicet
1118 771 1209 835 inter

229 899 296 942 sese
332 878 474 943 invicem
514 878 715 965 conjunctae
742 889 894 944 tenentur
920 878 1004 945 vires
1035 876 1201 956 diversae,

231 1008 272 1052 eo
301 989 408 1052 minus
433 988 593 1052 evolutae
612 998 702 1066 sunt,
736 1010 805 1074 quo
825 990 928 1076 magis
947 999 1120 1076 separatae
1140 990 1203 1055 ob·

162 1101 166 1106 '
228 1107 418 1174 servantur,
451 1117 492 1160 eo
518 1097 618 1161 etiam
647 1095 756 1183 major
791 1097 935 1165 evolutio
964 1097 1203 1165 animadverti·

165 1225 169 1233 ·
227 1185 293 1271 tur.
350 1206 529 1291 Sequentia
560 1206 648 1270 enim
674 1207 861 1272 luculenter
884 1206 1096 1293 probabunt,
1132 1229 1203 1273 rem

230 1315 365 1407 omnino
385 1317 432 1379 ita
453 1336 519 1380 sese
538 1297 672 1380 babere.

271 1425 340 1488 Etsi
364 1424 491 1487 nullum
517 1424 638 1488 animal
664 1426 812 1511 cogitare
831 1426 1019 1510 possimus,
1054 1426 1140 1513 quin
1169 1435 1202 1491 et

160 1598 167 1615 Χ
228 1533 371 1598 Animali
399 1544 432 1597 et
464 1535 656 1620 vegetativa
692 1536 770 1604 Vita
797 1535 984 1620 praeditum
1014 1536 1076 1612 sit,
1109 1536 1203 1602 nervi

228 1652 355 1719 tamen,
386 1663 405 1704 a
432 1642 552 1728 quibus
580 1643 706 1708 diversa
723 1643 781 1705 illa
807 1626 900 1708 ιίῑιιέ
927 1645 1012 1708 ratio
1041 1642 1203 1731 imprimis

228 1751 374 1837 pendere
392 1738 537 1830 videtur,
560 1773 629 1815 non
648 1751 684 1815 in
706 1750 857 1815 omnibus
876 1752 1073 1818 animalibus
1094 1773 1202 1841 aeque

229 1860 390 1938 distincti,
414 1870 447 1925 et
470 1882 490 1923 a
512 1861 705 1925 seinvicem
724 1861 867 1945 separati
888 1860 1031 1953 indicari
1048 1871 1200 1947 posumt.

271 1969 409 2032 Silentio
437 1951 626 2054 praeteribo
660 1954 815 2033 animalia
847 1969 952 2033 infimi
988 1969 1131 2049 ordinis,
1169 1970 1204 2035 in

218 2078 350 2163 ¹quibus
370 2098 504 2155 nervos,
533 2076 607 2164 (etsi
626 2099 724 2142 nemo
746 2077 892 2156 dubitet,
918 2080 1000 2166 quin
1023 2079 1200 2169 existant),

231 2187 405 2251 oculorum
428 2187 515 2255 acies
536 2187 684 2252 nondum
707 2187 861 2276 detegere
882 2189 986 2254 valuit
1007 2185 1071 2278 (1).
1120 2239 1122 2243 .
1224 2242 1228 2250 .

262 2464 303 2535 (l)
323 2463 519 2517 celeberrimus
535 2479 563 2517 ο.
580 2476 610 2516 u.
627 2479 867 2529 enarraremus
889 2466 999 2537 quidem
1020 2467 1051 2519 in
1064 2469 1207 2539 Hydutina

324 2550 422 2613 Senta,
454 2549 610 2617 (Vorticellu
641 2551 723 2603 Senta
752 2552 927 2621 uittam),
961 2552 1134 2620 microocopii
1159 2569 1211 2621 ope

304 2649 418 2685 nervos
440 2632 608 2698 obeervavit,
625 2644 726 2703 'eosque
744 2633 890 2688 delineavit
917 2634 946 2685 in
965 2635 1038 2687 libro
1056 2653 1116 2687 uuo.
1155 2638 1211 2688 Or·

317 2718 490 2783 ganieution,
519 2718 681 2786 systematilt
708 2719 763 2768 und
793 2719 1008 2785 geogroplieclaee
1043 2719 1212 2772 Verbiiltniu

319 2803 366 2853 der
385 2803 653 2867 Insueionthiercben.
670 2799 768 2852 'Berlin
787 2803 864 2853 1830.
891 2799 961 2856 Tab.
981 2799 1069 2854 VIII.
1088 2802 1149 2872 rig.
1170 2802 1210 2854 11.

320 2890 349 2934 et
366 2882 423 2934 1·11.
441 2900 468 2935 n.
487 2901 531 2949 v.,
550 2901 579 2935 n.
596 2902 639 2949 r.‚
658 2902 682 2952 g.
699 2902 741 2948 n.,
762 2901 833 2953 gggg.
851 2891 878 2936 et
894 2890 942 2952 g*;
959 2891 1044 2953 quum
1060 2903 1126 2941 vero
1141 2886 1210 2939 clu-

321 2967 373 3032 eir,
392 2984 460 3035 quae
478 2968 606 3019 inlusoria
625 2969 810 3035 amplectitur,
829 2969 937 3020 minime
958 2970 1088 3039 naturalis
1107 2971 1143 3023 eit
1166 2989 1214 3025 ae·
1265 3033 1270 3042 Ι

321 3051 467 3114 etimanda,
487 3052 534 3103 eed
551 3052 660 3105 omnino
677 3050 843 3117 artificialis,
864 3052 997 3120 (eontinet
1016 3055 1088 3105 enim
1108 3055 1211 3107 anime·

322 3133 363 3184 lia'
378 3133 496 3200 diverso,
517 3154 584 3204 quae
603 3138 734 3204 parvitate
752 3142 860 3199 tantum.
871 3136 995 3204 corporis
1010 3137 1082 3191 inter
1101 3156 1130 3192 ee
1147 3156 1215 3192 eon-

320 3216 459 3284 veniunt),
476 3218 563 3270 minue
576 3220 667 3272 stricte
682 3221 801 3273 indicare
816 3213 972 3289 ροιιιιιιιιιι,
989 3238 1135 3291 quemnam
1149 3239 1211 3292 gre-

322 3299 386 3355 dum
401 3300 561 3354 evolationis
578 3301 631 3356 hoe
647 3303 834 3357 animalculum
850 3311 953 3369 teneat,
969 3304 999 3355 in
1015 3322 1071 3374 quo
1087 3303 1119 3357 bi
1135 3305 1212 3360 nervi
1250 3293 1255 3305 ⁹

321 3384 456 3437 observati
473 3392 544 3437 sunt.
568 3414 603 3429 -
629 3386 673 3438 cl.
690 3401 715 3439 ι.
735 3401 798 3441 vrri
816 3401 879 3439 nnn
898 3386 1037 3454 norvia,
1064 3389 1115 3457 qui
1138 3405 1210 3441 suem

213 3506 215 3515 ,
320 3463 371 3519 bac
387 3467 420 3518 de
438 3485 467 3519 re
486 3471 640 3522 sententiam
657 3488 718 3522 cum
734 3471 896 3524 Lectoribur
913 3473 1113 3526 communicare
1125 3464 1211 3527 bene-

320 3551 382 3604 vole
399 3550 466 3603 mibi
484 3555 623 3620 permitit,
644 3555 745 3607 eredit:
764 3557 932 3624 Hydutinam
944 3553 1071 3620 Statum,
1090 3557 1210 3630 in'qur,

246 3666 251 3672 -
320 3639 351 3683 nt
369 3636 475 3700 monui,
497 3650 735 3691 retentamus
753 3656 850 3693 nervos
867 3640 1020 3706 detexerat,
1049 3639 1084 3692 ad
1104 3646 1211 3695 articu-

319 3721 377 3769 lata
393 3721 520 3772 animalia
535 3723 688 3788 pertinere,
704 3722 834 3789 imprimis
847 3741 907 3776 cum
921 3722 1077 3791 inperfectis
1092 3725 1210 3793 quibu*

318 3800 378 3851 dam
396 3800 546 3855 Crustaeeie
564 3805 766 3858 §imilitudinem
786 3806 903 3859 obferre.
930 3805 1053 3876 Syrtema
1071 3809 1207 3873 dentium,

319 3885 393 3951 quod
413 3899 653 3941 annumeretur
669 3889 856 3958 in'Hydutiua
875 3892 958 3944 Senta
976 3893 1166 3961 et'deeeripeit
1181 3898 1208 3944 et

319 3964 478 4034 delineavit,
505 3965 587 4038 (Tib.
605 3969 692 4025 V111.
715 3971 776 4042 rig.
792 3971 824 4034 B.
841 3972 876 4027 C.
893 3974 932 4040 D,
957 3975 1049 4031 mend.
1068 3975 1186 4047 dentem)
1196 4013 1206 4042 ,
