2596 4718
629 408 652 470 4

125 652 131 665 ,
159 591 349 664 exercitium
372 590 614 654 concomitatur
635 598 757 664 motus,
791 608 852 652 neo
874 590 1054 672 perfectam
1073 589 1124 652 in·

160 692 412 774 termissionem,
449 719 511 761 nec
549 698 683 761 nimiam
712 696 927 761 intensionem
958 699 1121 784 patiatur,

145 793 265 895 'quum
285 808 428 893 denique
449 805 632 882 materiem,
664 825 731 891 qua
754 795 874 889 corpus
892 806 1032 891 indiget,
1057 826 1125 868 non

158 917 233 1002 Ipse
244 918 359 1003 eligat,
376 916 556 1002 intelligere
572 915 607 978 in
622 926 779 1000 promptu
791 924 853 990 est,
874 914 1124 1000 quomodolao-

157 1037 227 1090 tum
251 1026 309 1102 sit,
341 1024 434 1110 quod
459 1025 553 1088 Vitae
579 1024 801 1110 Vegetatiaae
818 1023 908 1087 Dax
928 1023 963 1086 in
984 1023 1126 1086 naturali

85 1114 89 1122 ¹
159 1136 368 1209 conditione,
384 1152 447 1196 nos
466 1132 619 1196 certiores
629 1152 698 1194 non
708 1131 825 1212 faciat,
844 1132 927 1216 quid
943 1132 1029 1195 intus
1047 1152 1125 1216 aga-

61 1326 63 1332 ,
159 1254 223 1307 tur.
270 1241 531 1306 Modifioationes
550 1241 636 1305 enim
656 1240 886 1303 Faaoti'oream
909 1240 1126 1327 Vegetatiaa-

118 1423 120 1427 ,
160 1375 246 1426 ram-
266 1372 335 1415 non
369 1350 516 1414 absolute
549 1348 591 1412 ah
620 1349 764 1433 ipsarum
796 1348 895 1414 Duce
920 1347 1124 1432 dependent.
1186 1377 1194 1388 ·

54 1452 56 1457 ’
160 1461 300 1537 Notatur
329 1464 456 1550 tamen,
491 1457 584 1543 quod
609 1457 670 1540 ipsi
705 1457 799 1535 Vz'lae
829 1454 1003 1520 Animalia
1033 1457 1131 1520 Daoi

119 1612 122 1621 ι
157 1555 285 1631 tamdiu
305 1564 374 1632 non
395 1566 618 1630 manifestetur
629 1565 848 1649 lunationum
860 1565 1125 1651 Vegetativ'arum

157 1677 324 1764 conditio,
359 1676 519 1761 quamdiu
547 1675 728 1738 secundum
743 1674 868 1760 justam
888 1694 1038 1738 normam
1059 1697 1127 1740 sese

78 1805 80 1808 ·
157 1785 297 1862 habent,
341 1795 373 1849 et
409 1784 570 1871 quamdiu
598 1783 735 1847 materia
766 1781 969 1847 elaboranda
996 1785 1057 1848 rite
1087 1784 1127 1848 iis

157 1893 404 1978 suppeditatur,
445 1888 502 1955 sed
533 1891 649 1955 statim
682 1892 827 1975 ipsarum
860 1893 1045 1976 praesentia
1080 1892 1129 1956 illi

158 2000 270 2087 (Duoi)
305 2000 489 2076 indicatur,
523 1999 550 2062 si
578 1999 663 2063 forte
696 1999 772 2067 Vita
791 1997 975 2085 organica,
992 1998 1042 2064 'in
1061 1999 1125 2065 hac

70 2105 75 2109 ’
155 2109 254 2174 illave
276 2131 330 2186 re,
364 2108 470 2194 Ipsius
490 2108 610 2172 auxilio
630 2108 795 2194 indigeat,
820 2109 1022 2194 quinimmo
1043 2109 1126 2176 haec

154 2219 337 2304 indigentia
360 2218 444 2282 adeo
462 2238 582 2303 magna
603 2239 670 2283 esse
690 2226 816 2301 potest,
842 2228 878 2281 ut
899 2219 999 2283 veluti
1017 2221 1049 2285 vi
1067 2241 1126 2284 co·

156 2337 254 2413 gatur
282 2327 369 2412 naa
394 2326 449 2390 ille
484 2326 577 2389 Vitae
599 2324 773 2390 Animalia
797 2326 952 2390 auxilium
974 2329 1123 2408 adferre,

157 2445 320 2521 quatenus
342 2435 476 2499 occasio
498 2431 583 2498 sinit.
651 2433 656 2437 “

204 2543 250 2607 Eo
272 2554 381 2608 autem
403 2547 567 2629 tempore,
594 2564 662 2630 quo
683 2545 879 2609 l'unctiones
898 2544 1062 2610 Animales
1080 2549 1127 2612 ita

160 2653 255 2736 Vitae
287 2652 471 2739 Organicae
498 2654 695 2745 inserviunt,
729 2654 823 2718 simul
852 2665 883 2718 et
911 2654 972 2718 sibi
998 2659 1128 2742 prospi-

160 2763 267 2827 ciunt:
283 2761 404 2851 ¹harum
415 2762 501 2826 enim
522 2762 747 2826 sublimiorum
763 2763 981 2850 Funotionum
992 2766 1085 2852 origo
1097 2778 1130 2831 et

88 2888 90 2892 “
136 2872 250 2948 lons,
283 2873 330 2935 uti
352 2881 384 2934 et
406 2882 513 2936 totum
538 2892 677 2957 eorpus,
712 2872 851 2957 cogitari
871 2893 940 2936 non
957 2883 1065 2958 potest
1086 2876 1129 2939 si·

159 3002 205 3045 ne
224 2981 300 3048 Vita
322 2980 503 3068 Organica,
528 3002 591 3044 nec
613 2979 696 3045 haee
718 2981 786 3044 sine
808 2980 875 3044 illa.

204 3089 338 3154 Praeter
356 3099 506 3153 mutuum
524 3087 630 3154 hocce
647 3089 817 3164 auxilium,
843 3089 935 3154 aliud
952 3090 1051 3155 etiam
1069 3092 1132 3176 das

161 3207 216 3261 tur
243 3197 410 3262 vinculum
437 3197 626 3290 attentione
644 3198 882 3284 dignissimum,
919 3219 988 3284 quo
1013 3221 1133 3286 nempe

161 3305 331 3391 utriusque
360 3305 483 3370 ordinis
502 3300 719 3370 Functionum
742 3307 979 3372 conductores
1003 3306 1127 3396 (Nervi)

161 3415 197 3477 in
214 3425 312 3479 semet
332 3405 471 3479 invicem
492 3424 609 3500 agunt,
634 3415 680 3479 ita
697 3425 733 3478 ut
756 3415 992 3482 Conductorea
1016 3417 1131 3505 Orga·

163 3525 238 3586 aiei
259 3521 369 3608 (Nervi
392 3520 487 3590 Vitae
507 3521 730 3608 Vegetativae)
753 3533 841 3588 recte
860 3525 991 3610 demum
1012 3525 1133 3591 finibus

160 3630 226 3695 -suis
246 3630 484 3714 respondeant,
510 3640 541 3693 et
560 3631 797 3696 conductores
817 3630 997 3699 Animulas
1021 3632 1132 3718 (Nervi
1196 3628 1198 3633 ’

8 3799 11 3806 .
59 3806 62 3811 ,
164 3739 259 3806 Vitae
286 3737 454 3824 Animalis)
486 3739 657 3826 organicas
683 3742 917 3805 nanciscantur
944 3741 1130 3807 facultates.

164 3847 230 3910 Sed
257 3848 300 3910 de
326 3846 413 3914 hisce
438 3848 534 3912 rebus
562 3850 596 3912 in
620 3860 787 3934 posterum
813 3851 976 3934 copiosius
999 3851 1132 3916 dicendi

72 4021 75 4027 ,
161 3958 253 4021 locus
275 3957 345 4022 erit.
