2596 4718
619 372 663 436 96

209 548 369 618 sidereum
401 547 643 637 sympathioum
681 570 722 614 eo
757 552 873 615 mimus
899 554 1029 631 excoli,
1065 576 1130 643 quo

164 663 326 751 »majores
353 662 434 725 rami
465 681 607 727 enervo
632 680 718 746 vago
743 661 788 725 ed
802 659 959 727 intestine
979 664 1129 743 venient,

163 783 216 839 »et
245 782 362 837 contre
386 792 522 836 nervum
548 790 669 857 vagum
688 791 728 834 eo
756 771 860 857 magis
876 772 1044 851 eminere,
1064 794 1130 839 mu·

160 881 334 969 »joresque
356 900 466 944 remos
492 880 538 944 ad
566 880 720 944 intestina
749 880 896 957 mittere,
928 902 1004 969 qno
1027 883 1130 947 minus

162 1011 299 1056 »nerum
323 986 546 1076 sympathieus
575 989 724 1054 excultus
750 988 807 1065 sit,
847 989 968 1079 itaque
996 1010 1131 1057 nervum

163 1120 320 1187 riegrim,
352 1097 397 1162 ad
422 1097 575 1162 intestina
594 1096 851 1162 descendentem
865 1098 903 1191 in
919 1098 1130 1165 inferioribus

158 1205 373 1274 ›vertebratis
391 1207 439 1270 itu
461 1206 579 1272 sensim
593 1194 795 1284 increscere.
817 1196 1037 1275 decrescente
1058 1230 1130 1275 ner·

162 1337 228 1383 »vo
246 1314 469 1404 sympathico,
493 1326 531 1379 ut
547 1315 583 1380 in
603 1306 804 1402 quibusdam
824 1316 1044 1397 animalibus,
1065 1319 1131 1406 pri·

162 1445 239 1491 »mo
265 1426 344 1490 loco
369 1425 455 1490 inter
481 1424 636 1489 animalia
652 1424 810 1491 vertebris
827 1425 980 1493 carentia
996 1428 1128 1513 positis,

162 1534 292 1601 ‚nullus
309 1555 428 1600 nervus
447 1533 671 1621 sympathicue
687 1535 844 1621 supersit,
868 1536 1014 1626 ejusque
1037 1538 1129 1603 fime-

87 1630 98 1645 ’
160 1644 229 1709 etio
249 1664 271 1707 a
291 1644 364 1709 solo
384 1664 486 1710 nervo
507 1663 593 1731 sego
618 1641 919 1731 (l),perficiatur.”

113 1732 116 1737 Ι
203 1754 312 1823 Varie
330 1753 386 1820 hic
414 1754 536 1819 referre
557 1764 766 1841 argumente,
800 1754 922 1841 quibus
937 1756 1155 1844 ingeniosis-⁸

159 1862 257 1928 simus
289 1863 345 1928 ille
372 1864 500 1928 Auctor
520 1883 613 1927 suern
642 1863 833 1949 opinionem
859 1863 1033 1945 defendit,
1063 1884 1128 1931 non

158 1992 268 2037 meum
293 1981 357 2050 est,
393 1983 429 2036 et
458 1993 537 2038 vero
561 1973 695 2037 unicam
724 1971 993 2039 observationem
1009 1976 1127 2039 solum·

158 2080 261 2145 modo
290 2082 414 2146 addere
434 2082 552 2159 liceat,
578 2103 684 2168 quae,
717 2081 812 2160 huic,
836 2091 874 2147 ut
894 2100 1013 2170 spero,
1036 2082 1127 2149 theo·

125 2184 128 2189 ’
158 2191 227 2256 riae
247 2189 339 2255 houd
353 2211 472 2277 perum
491 2191 656 2256 firmitatis
675 2191 790 2255 offerre
811 2191 926 2277 possit.

202 2411 252 2474 Ia
273 2409 397 2475 Ranae
412 2410 623 2496 paradoxae
656 2408 789 2496 Gyn'aa
809 2417 945 2491 ramam
967 2415 1128 2502 detegere

159 2519 247 2584 mitt
271 2521 421 2606 contigit
444 2514 493 2604 (2)
526 2516 639 2584 Nerei
662 2522 763 2607 vagi,
801 2524 868 2607 qai
890 2523 1010 2587 esini&
1032 2524 1127 2589 modo

159 2631 263 2694 aca'a
277 2628 454 2715 procidas,
472 2628 718 2713 perantiaalis
730 2629 1127 2697 tatamlatuodacum't.

202 2738 359 2821 Quemvis
390 2735 481 2801 haud
509 2736 644 2802 difficile
680 2736 740 2815 sit,
772 2736 862 2804 hunc
891 2760 1028 2806 remum
1052 2740 1129 2807 Ner·

158 2849 191 2913 vi
228 2848 304 2937 vagi
342 2846 553 2932 investigem
602 2843 763 2932 (decurrit
803 2847 891 2913 enim
914 2848 995 2915 suh
1039 2860 1128 2928 cute,

71 2992 75 3001 ·
155 2957 253 3044 juxte
281 2956 408 3021 sulcum
435 2953 730 3042 longitudinelem,
763 2958 823 3043 qui
846 2957 1020 3025 invenitur
1049 2959 1131 3025 inter

156 3066 333 3130 iosciculos
350 3064 555 3129 musculosos
574 3064 702 3130 caudae
720 3066 891 3154 utriusque
907 3068 1059 3157 leteris),
1080 3070 1127 3133 ni·

157 3174 333 3239 hilominus
353 3184 464 3239 temen
484 3174 679 3259 perdifficile
700 3186 763 3255 est,
787 3176 896 3263 ipsum
921 3176 960 3245 in
985 3178 1126 3267 gyrinis,

157 3305 276 3371 perum
292 3284 447 3360 evolutis,
460 3286 614 3372 persequi
628 3306 733 3372 usque
752 3286 796 3351 ed
810 3285 974 3374 originem
986 3290 1026 3355 in
1037 3296 1129 3377 prae

158 3394 318 3479 superiori
335 3393 495 3479 corporis.
506 3395 663 3461 —Multo
674 3396 809 3463 taudem
824 3396 943 3463 labore
954 3396 1127 3467 observare

190 3632 231 3703 (Ι)
251 3629 328 3701 Quae
346 3648 429 3701 quum
447 3631 575 3686 scriberet
592 3631 636 3685 Ci.
657 3632 780 3701 Auctor,
804 3628 1002 3704 Cephalopridn
1025 3637 1079 3709 ipa·
1099 3634 1131 3687 ob

179 3770 183 3777 ,
250 3716 342 3768 oeulos
362 3721 463 3769 versute
489 3716 586 3783 fuisse,
607 3716 695 3787 liquet
710 3737 725 3770 e
742 3718 862 3787 ratione,
888 3736 944 3789 qne
962 3728 1051 3775 toan
1068 3718 1130 3777 hue

251 3800 333 3853 thesin
349 3800 455 3867 probet.
489 3800 569 3854 Cous.
588 3802 608 3854 Ι.
625 3819 651 3856 c.
668 3821 727 3873 pag.
744 3804 789 3857 81.

187 3884 229 3953 (2)
250 3882 430 3945 Amicissimus
447 3882 485 3936 D.
502 3898 551 3938 su.
570 3901 594 3939 s.
612 3900 757 3953 uuonan,
776 3886 889 3943 eundern
904 3884 1020 3962 ¹qnoque
1035 3890 1128 3963 rapti!

251 3984 366 4033 remum,
386 3983 435 4020 nec
453 3968 519 4021 alter
537 3971 646 4023 ulterius
664 3972 787 4027 conscius
803 3972 863 4026 tuit.
