2596 4718
687 456 691 466 l
725 363 768 428 bd

262 549 290 612 ri
314 556 438 632 potest,
471 555 571 628 atque
597 531 706 607 motus
727 541 849 620 viribus
879 541 976 630 hujus
1003 545 1125 614 stimuli
1152 569 1231 613 exa·

260 666 314 722 cte
331 649 570 740 respondeant,
591 660 738 716 necessse
758 660 816 716 est.
840 686 885 702 --
905 651 947 716 In
966 656 1152 721 amovendo
1172 658 1230 722 sti·

259 765 384 828 mulum
395 762 555 831 Voluntas
573 761 709 846 quidem
728 760 840 825 abesse
858 764 984 847 potest,
1008 784 1078 829 non
1096 785 1177 831 vero
1194 767 1230 831 in

253 871 470 958 provocando
493 870 670 934 stimulum.
703 906 748 916 —
778 869 841 934 Ubi
871 872 1019 936 stimulus
1047 875 1227 964 provocari
1250 861 1270 931 Ϊ

253 982 385 1069 nequit,
409 980 456 1044 ibi
481 979 668 1066 infringitur
696 980 839 1045 circulus
866 974 953 1058 ille,¹
969 982 1028 1068 qui
1044 983 1142 1048 'inter
1168 986 1225 1050 sti·
1276 1029 1281 1037 -

254 1091 379 1154 mulum
413 1089 654 1174 recipiendum,
683 1100 784 1177 atque
804 1090 969 1168 stimulum
989 1092 1223 1172 emittendum,-

255 1210 311 1264 aut
331 1199 402 1262 aliis
417 1198 542 1275 verbis,
567 1200 652 1263 inter
670 1220 798 1263 sensum
815 1210 848 1263 et
864 1200 1070 1266 voluntatem
1086 1222 1224 1269 moven-

254 1309 306 1386 di,
332 1295 469 1373 obtinet.
515 1308 603 1394 Nulli
622 1319 701 1373 tuno
723 1307 922 1373 adhibentur
940 1320 1067 1388 motus,
1088 1313 1149 1399 qui
1166 1305 1223 1376 sti·

210 1403 221 1506 ’λ
254 1418 380 1483 mulum
392 1426 593 1502 provocent,
616 1418 674 1504 q'ui
685 1439 780 1504 ergo,
798 1417 937 1505 (scilicet
954 1417 1224 1508 stimulus),nul·

170 1611 173 1617 Α
226 1580 232 1598 ,
254 1530 321 1592 lam
339 1548 448 1592 rursus
465 1528 620 1594 movendi
642 1525 852 1594 occasionem
872 1528 1031 1615 praebere
1048 1529 1161 1616 possit.
1178 1565 1226 1577 -

254 1640 347 1721 Quae
376 1637 550 1704 observare
570 1637 664 1701 licuit
685 1640 721 1702 in
741 1637 1007 1736 experimentisl
1028 1648 1061 1702 et
1080 1637 1131 1714 11,
1165 1637 1243 1705 ubi,

235 1749 404 1814 >voluntas
424 1748 533 1812 deleta
555 1737 627 1811 fuit.
672 1728 821 1813 Circulos
849 1742 1069 1830 Functionum
1096 1747 1224 1812 anime·

135 1912 137 1921 .
200 1876 203 1881 ’
251 1859 331 1922 lium
353 1858 430 1922 ideo
452 1878 588 1951 quoque
609 1854 701 1920 haud
727 1856 866 1943 amplius
892 1857 1094 1923 observatur.
1142 1857 1223 1926 vin-

157 2016 175 2048 3
253 1946 382 2045 culum,
399 1988 486 2054 quo
488 1988 596 2031 sensus
607 1977 639 2031 et
656 1979 764 2032 motus
775 1969 860 2032 inter
873 1989 941 2032 sese
960 1978 1220 2042 connectuntur,

250 2077 394 2140 solutum
421 2076 499 2155 fuit3
532 2075 717 2139 sensatione
736 2074 789 2163 (l)
820 2087 852 2141 et
877 2086 969 2140 motu
998 2075 1090 2140 haud
1112 2087 1222 2141 tamen

252 2184 428 2250 exstinctis.
492 2183 650 2248 Externus
684 2185 801 2248 exinde
834 2185 982 2248 stimulus
1016 2185 1223 2261 reactionem

252 2293 404 2380 quidem,
427 2292 504 2358 huic
526 2295 657 2358 stimulo
677 2289 929 2380 quodammodo
950 2294 1221 2380 respondentem,

242 2422 436 2487 ‚provocare
452 2403 600 2480 valebat„
621 2413 653 2466 at
670 2404 762 2467 nulla
780 2403 848 2467 alia
862 2402 1092 2488 phaenomena
1107 2391 1222 2470 obser·

250 2510 425 2579 vehantur.
457 2549 501 2564 -—

295 2621 336 2687 Ut
354 2644 433 2688 vero
451 2634 560 2688 motus
577 2625 727 2689 animalis
743 2645 881 2710 scopum
898 2603 992 2689 suum
1009 2636 1217 2714 assequatur,

256 2735 503 2812 Uoordr'nntor,
524 2735 583 2821 qui
599 2733 688 2798 hunc
709 2725 837 2798 motum
854 2734 993 2821 dirigat,
1011 2736 1149 2801 omnino
1168 2755 1222 2800 re·

151 2824 154 2829 ⁸
174 2824 177 2828 Δ
252 2845 409 2930 quirit-ur,
428 2864 505 2909 nam
519 2844 587 2908 sine
609 2845 863 2934 Ooordz'nntore
879 2865 981 2909 nexus
993 2845 1082 2920 inter
1094 2856 1222 2910 motum

250 2953 473 3018 voluntarium
490 2963 522 3017 et
537 2973 665 3017 sensum
680 2951 805 3018 nulllus
822 2964 869 3020 est
886 2953 1051 3031 utilitatis,
1071 2956 1169 3040 quod
1184 2975 1224 3019 ex

252 3060 505 3147 phaenomenis,
534 3061 744 3152 destructum
760 3046 958 3128 cerebellum
977 3042 1225 3149 insequentibus

251 3169 287 3232 in
308 3169 530 3254 experimento
552 3170 622 3248 111,
646 3172 831 3237 luculenter
851 3171 1005 3237 vidimus,
1058 3190 1062 3199 ·

294 3366 363 3432 Nec
380 3388 459 3434 vero
480 3366 544 3431 hac
564 3368 599 3434 in
617 3390 652 3433 re
673 3370 796 3434 morari
812 3368 886 3455 jam
906 3369 1033 3433 animus
1049 3378 1114 3446 est,
1136 3388 1221 3455 quo·

249 3474 348 3541 niam·
360 3477 406 3541 ad
426 3477 522 3541 nimis
537 3497 637 3563 vagas
656 3478 748 3543 ducit
766 3477 978 3565 hypotheses,
1002 3477 1096 3555 nullo
1117 3477 1219 3542 modo

280 3780 321 3850 (1)
342 3779 425 3852 Quod
452 3781 550 3851 optime
575 3783 715 3838 observari
732 3785 760 3837 in
779 3761 960 3852 experimento
977 3768 1076 3851 supra,
1095 3799 1156 3850 pag.
1173 3780 1222 3845 42,

339 3872 504 3930 memorato,
525 3865 588 3932 ubi,
608 3865 804 3934 hemisphaerio
832 3867 936 3926 cerebri
958 3866 1066 3932 ableto,
1086 3863 1224 3929 cuniculus

339 3949 433 4002 summi
450 3949 551 4003 doloris
570 3950 639 4019 signe
654 3951 759 4017 edidit,
780 3951 829 4003 sub
844 3951 961 4006 sectione
980 3949 1065 4010 Nervi
1083 3946 1223 4039 nitemini·
