2596 4718
621 397 727 477 105‘

161 576 245 642 Huic
266 576 414 662 opinioni
434 596 532 640 namo
553 575 708 664 objiciat,
731 577 767 641 in
784 577 997 669 Byspleogriz
1009 602 1122 668 para·

162 685 271 772 lyta‘oa
287 685 502 771 conspicuum
519 704 604 762 esse,
628 686 694 751 vim
711 686 886 772 animalem
904 687 947 754 ab
966 671 1124 776 organica

160 794 193 859 vi
216 794 252 859 in
270 795 378 859 Narro
396 815 480 880 vago
505 793 650 879 separari
668 814 779 879 posse,
802 807 980 883 postquam
999 797 1042 862 ab
1059 820 1123 865 an·

159 921 267 966 roano
282 913 383 988 atque
398 923 588 968 arscuorrro
600 900 648 990 (1)
661 903 921 969 demonstratum
936 916 999 984 est,
1016 928 1126 973 ramos

158 1010 331 1088 mutorios,
357 1011 415 1097 qui
433 1011 468 1075 in
482 1012 594 1078 Narro
614 1031 700 1099 vago
721 1013 987 1099 conspiciuntur,
1000 1036 1123 1084 revera

160 1119 206 1183 ad
232 1120 372 1187 Nerium
393 1121 612 1186 accessorium
632 1139 778 1189 wrrrrsn
795 1123 959 1210 pertinere
984 1123 1046 1213 (2).

186 1381 230 1452 ,(Ι)
251 1381 325 1435 Hane
341 1383 493 1434 senteutiam
502 1372 618 1452 'quoque
632 1382 675 1434 Cl.
685 1396 802 1437 scenas
815 1384 947 1456 professus
961 1393 1015 1453 est,
1033 1388 1128 1442 eodem

247 1465 303 1517 fare
313 1473 444 1534 ternpore,
462 1481 517 1534 quo
535 1465 587 1518 Dr.
598 1478 771 1517 annotans:
789 1466 855 1518 dicit
871 1468 939 1521 euim
954 1467 996 1520 Cl.
1008 1470 1126 1523 Auctorr
1219 1518 1226 1528 ,

247 1547 400 1615 »Suspicor
414 1546 598 1612 vehementer,
618 1545 750 1617 Octauum
764 1564 873 1616 quoque
890 1549 1001 1601 Cerebri
1015 1567 1127 1604 nervum

249 1649 306 1683 uer
326 1632 594 1699 dupliciuervorum
620 1630 714 1682 ordine
738 1633 912 1699 compositum
937 1646 1010 1696 erse,
1036 1651 1069 1686 ex
1094 1653 1127 1689 eo

247 1733 263 1766 o
273 1714 348 1783 quod
367 1714 400 1769 sb
417 1714 459 1786 sui
474 1713 553 1764 initio
570 1714 703 1766 musculos
719 1711 882 1783 Pharyugis,
902 1723 982 1784 atque
997 1733 1059 1782 sos,
1079 1717 1127 1787 qui

247 1797 377 1865 »proprii
400 1805 463 1849 suut
487 1798 579 1866 organi
603 1798 693 1862 vocis,
720 1797 748 1849 iu
770 1804 858 1851 motus
873 1799 1039 1852 voluntarios
1056 1801 1126 1870 egit,

245 1868 341 1934 §infre
357 1899 436 1952 quam
452 1883 540 1934 sedem
557 1899 656 1936 nervus
674 1879 764 1950 Vagus
781 1898 836 1933 uon
854 1882 966 1950 amplius
981 1883 1128 1936 voluntatis

247 1965 383 2034 »imperio
408 1973 448 2017 est
473 1966 614 2019 obnoxius.
655 1965 734 2017 Prior
761 1965 877 2033 duplicis
904 1963 984 2035 hujus
1011 1968 1127 2021 muneris

246 2065 333 2116 »pars
351 2049 481 2116 perdetne
501 2068 515 2099 a
532 2066 615 2104 nervo
629 2047 732 2116 Spinali
749 2048 924 2103 adOctavum
943 2049 1054 2104 Ces-obri
1069 2053 1128 2105 Ac-

181 2184 184 2190 ,
245 2132 408 2186 »cessoriol
442 2131 566 2202 Namque
587 2136 715 2184 morarius
731 2149 829 2186 nervus
847 2139 895 2185 est.
931 2132 994 2185 Nou
1014 2135 1125 2187 auserim

244 2216 298 2267 rin
320 2232 443 2282 praesens
469 2217 606 2269 affirmare.
641 2215 705 2267 Non
729 2217 847 2268 reticebo
871 2223 975 2282 tamen,
1002 2222 1126 2271 minorem

117 2306 120 2311 '
217 2317 219 2321 ⁴
243 2300 417 2352 »teceuorii
445 2301 522 2353 nervi
549 2301 583 2352 ad
611 2317 660 2368 par
690 2297 792 2368 Vagam
814 2304 962 2368 portionem
989 2301 1125 2355 filamenta
1231 2324 1234 2336 ·

230 2382 394 2435 ·rmusculis
413 2364 557 2452 Pharyug‘is
574 2391 603 2436 et
618 2381 747 2452 Laryngis
765 2383 886 2450 tradere,
906 2402 973 2453 quae
991 2384 1126 2439 filamenta
1156 2425 1158 2430 .

244 2465 332 2518 nolim
351 2466 459 2518 omnino
478 2474 505 2519 et
522 2467 643 2518 absolute
660 2484 675 2517 a
691 2463 774 2520 nervi
785 2464 853 2537 Vagr’
870 2475 965 2520 trunco
982 2470 1125 2536 provenire

241 2549 409 2617 »generatim
436 2550 590 2602 Anatornicl
616 2550 822 2602 arbitrabantur.
858 2549 936 2622 Quae
953 2568 1036 2619 porro
1060 2552 1125 2605 flla-

240 2639 352 2684 umenta
370 2632 535 2698 Aacsssorii,
563 2637 677 2686 motoria
698 2633 754 2684 sine
772 2632 871 2699 dubio,
901 2651 915 2684 a
938 2641 1034 2687 trunco
1052 2636 1124 2705 paris

241 2714 334 2784 »Vrgi
352 2733 461 2783 prorsus
483 2717 624 2782 ffisfinco,
652 2733 667 2770 a
690 2733 733 2767 me
756 2715 785 2766 in
804 2718 881 2768 Aetia
895 2719 979 2768 Arud.
999 2718 1122 2784 Chirurg.

240 2801 397 2863 urinam,
425 2796 490 2851 Vol.
518 2799 560 2864 L,
588 2797 720 2865 descripta
744 2797 853 2849 fuerunt
878 2805 958 2866 atque
983 2798 1122 2851 delineata.

128 2898 129 2902 ¹
235 2882 345 2956 ,radda
370 2879 482 2951 Gauglia
506 2882 605 2934 nullibi
631 2887 689 2933 toto
714 2897 843 2949 corpora,
867 2882 918 2932 nisi
937 2882 1007 2933 inter
1025 2899 1123 2935 nervos

241 2968 412 3030 transertos,
440 2966 569 3033 reperiri,
598 2964 731 3018 Octavum
756 2971 843 3015 autem
869 2964 981 3016 Cerebri
1009 2982 1132 3032 nervum

240 3048 356 3118 »paullo
372 3055 433 3116 post
448 3049 532 3116 ipsius
551 3049 584 3101 de
604 3047 693 3100 crsuio
713 3064 843 3115 egressum
865 3048 893 3098 in
914 3045 1056 3116 Ganglium
1075 3048 1121 3101 in-

238 3139 425 3198 utumescere,
450 3132 525 3200 quod
543 3150 585 3184 me
602 3131 677 3201 prius
703 3130 920 3183 Auatomicorum
946 3130 1122 3199 descripserat

127 3272 129 3277 ,
195 3276 196 3280 Ἰ
237 3216 375 3268 anemo.''
390 3244 426 3258 -
442 3215 521 3269 Cori.
537 3217 1052 3283 deGangliisNeroorumdeqassorigine
1067 3223 1119 3271 ete.

237 3299 623 3352 Orru'sleir.1832.xll.
648 3299 725 3351 1825.
750 3327 786 3342 -
814 3299 857 3350 ΔΙ)
884 3311 1027 3351 sarorno
1053 3314 1119 3352 vero

236 3391 264 3435 et
287 3397 467 3436 arscuorrro
491 3401 534 3436 res
557 3384 744 3453 experimentis
762 3385 939 3438 demonstrata
956 3392 1005 3439 est.
1029 3383 1120 3445 ,Confi
1188 3434 1191 3439 .

238 3479 266 3517 a.
284 3479 321 3517 w.
339 3480 368 3518 r.
387 3479 549 3533 arscaorr,
576 3469 606 3519 de
633 3469 780 3520 Anatomia
805 3475 832 3520 et
848 3469 1018 3538 Ptyea'ologia
1034 3470 1120 3522 Neres·

235 3553 382 3602 Arcessorii
398 3550 548 3604 wrntr'sn.

173 3631 218 3702 (2)
239 3631 322 3683 Extra
350 3649 455 3685 omnem
480 3635 690 3702 dubitationem,
715 3641 757 3695 vir
773 3638 956 3705 reproducmds'
978 3651 1011 3687 eo
1033 3635 1119 3702 maior

161 3769 164 3772 ,
233 3714 262 3765 iu
285 3717 374 3770 nervis
396 3718 571 3785 observatur,
590 3739 645 3789 quo
667 3722 750 3790 magis
773 3721 823 3774 Vis
839 3719 968 3773 Animalia
985 3725 1013 3772 et
1028 3717 1119 3787 Orga·
1168 3710 1170 3714 ’

232 3796 292 3849 nica
310 3799 338 3850 in
354 3799 410 3853 illis
426 3803 515 3857 nervis
532 3807 688 3872 conjunctae
705 3811 774 3857 suut.
809 3803 907 3856 Omnia
923 3801 1116 3868 experimenta,

130 3922 133 3926 .
198 3870 199 3880 ¹
233 3895 300 3948 quas
313 3876 353 3934 ‘ad
377 3901 520 3956 neryorum
546 3888 743 3956 reprodueendi
766 3889 821 3943 vim
846 3886 1009 3956 probandam
1036 3884 1118 3936 iusti-

168 4000 174 4009 .
232 3969 343 4018 tuantur
359 3966 388 4020 iu
403 3970 603 4040 manualibus,
627 3971 758 4040 imprimis
776 3973 805 4026 iu
820 3970 857 4026 N.
875 3988 941 4041 vrgo
963 3967 1116 4024 succedunt.
