2596 4718
617 362 683 431 17⁰

314 544 407 611 culos
422 544 517 615 Vitae
531 543 691 611 Animelis
705 543 862 636 adeunt),
884 548 1137 622 solimuten'ae

310 658 571 746 permutationi
575 688 578 691 ·
588 661 750 742 praeesse.

248 767 282 832 2
316 766 437 861 Omnes
449 787 582 843 nervos,
602 767 661 855 qui
679 768 725 832 ed
744 776 855 834 eutem
872 767 1012 857 ejusque
1020 776 1137 858 proxi·

312 898 384 942 mos
425 898 598 963 processus
636 877 842 964 procedunt,
893 885 1137 951 sensationens

311 984 437 1075 regere.
463 985 592 1074 (Nervi,
618 990 679 1076 qui
694 988 761 1054 huc
777 990 942 1056 referendi
959 1002 1056 1071 sunt,
1076 1004 1138 1060 eut

312 1098 398 1174 duo,
419 1108 608 1176 autunum,
625 1109 683 1164 eut
700 1088 829 1166 nullum
838 1122 974 1188 prorsus
991 1124 1141 1171 sensum

245 1262 252 1274 .
304 1208 523 1296 peculiarem
549 1210 751 1289 ministrant,
785 1211 865 1277 dum
892 1233 1006 1280 omnes
1023 1222 1137 1281 mate·

307 1324 385 1384 siue
400 1319 663 1406 permutationi
679 1321 837 1388 destinati
858 1322 963 1412 sunt).

246 1430 279 1496 3.
310 1428 432 1495 Omnes
460 1451 597 1508 nervos,
637 1433 697 1517 qui
726 1433 932 1498 voluntarios
966 1433 1141 1500 musculos

221 1567 227 1579 ¹
309 1537 449 1614 adeunt,
478 1548 608 1605 motum
633 1561 787 1606 exercere
803 1544 992 1609 animalem
1008 1554 1044 1609 et
1059 1567 1137 1610 ma·

311 1653 424 1714 tettae
439 1652 737 1736 permutationem
761 1650 825 1740 (1).

201 2087 333 2175 Optime
350 2085 505 2174 equidem
523 2085 646 2166 sentio,
668 2106 725 2164 ea,
750 2107 839 2175 quoe
860 2085 904 2186 de
923 2090 1137 2175 separatione

159 2209 193 2265 et
229 2199 417 2266 evolutione
444 2198 626 2284 systematis
651 2199 764 2263 nervei
792 2199 959 2285 disputavi
983 2201 1134 2286 pluribus

158 2310 258 2374 etiem
276 2319 394 2408 petere
408 2307 664 2394 objectionibus·
685 2343 731 2357 -
752 2307 896 2398 Singulis
913 2320 1028 2376 tamen
1043 2333 1135 2378 nune

157 2419 357 2504 respondere
387 2417 548 2484 conabor.

203 2527 315 2615 Objioi
332 2529 418 2592 sorte
437 2537 565 2613 potest,
590 2537 729 2615 systema
741 2531 1138 2617 nervorumvegetativo·

159 2659 234 2704 rum
256 2638 306 2727 (2)
328 2636 564 2724 inAeepleels's
583 2637 954 2704 admodumevolutum
963 2659 1045 2705 esse.
1072 2638 1139 2705 Sed

158 2747 241 2814 haec
274 2748 461 2814 observatio
493 2748 688 2812 sententium
713 2767 823 2811 meum
851 2748 955 2834 magis
974 2747 1091 2815 firmat
1108 2757 1141 2815 et

159 2859 299 2947 prohat,
325 2879 428 2947 quem
446 2859 584 2946 quidem
601 2858 785 2944 impugnet.
808 2891 854 2905 -—

201 2974 249 3038 Ex
283 2992 341 3050 ee,
375 2993 478 3058 quam
501 2969 680 3056 proposui,
712 2967 929 3055 separationis
960 2969 1136 3057 utriusque

158 3083 341 3168 systematis
367 3081 479 3148 nervei
508 3080 685 3157 musione,
704 3131 706 3136 .
723 3079 759 3144 in
785 3078 991 3168 generalem
1017 3099 1140 3165 nempe

161 3200 194 3255 et
212 3192 401 3279 specialem
422 3190 492 3279 (3),
515 3191 646 3278 liquido
671 3199 821 3266 constet,
845 3208 942 3276 posse
960 3186 1082 3254 adesse
1099 3188 1137 3254 tt.

102 3460 106 3474 ¹
188 3485 231 3557 (l)
252 3485 298 3538 Ad
314 3483 379 3538 haec
394 3485 552 3538 illustranda
566 3485 679 3539 inservit
700 3486 856 3553 Conspectus
869 3482 1059 3554 faettltotum,
1078 3499 1143 3554 quoe

250 3573 281 3622 in
295 3573 383 3622 neruis
399 3573 495 3623 insitae
511 3577 584 3623 sunt.
618 3569 699 3623 Conf.
716 3569 788 3622 iufro
812 3587 872 3639 pag.
897 3567 957 3620 181.
985 3565 1039 3622 ΝΟ.
1058 3569 1140 3636 1‚2,

189 3738 230 3812 (2)
250 3656 419 3810 {inliniqiim
438 3747 551 3811 systema
570 3757 698 3796 nerveum
717 3740 746 3791 in
773 3737 917 3809 Aeephalis
939 3737 1064 3790 nondum
1084 3737 1143 3794 setis

249 3825 424 3890 oecorutesit
443 3827 627 3892 observatum
644 3824 747 3892 optime
763 3823 798 3876 de
816 3820 869 3876 hoe
886 3828 1045 3892 munimento
1062 3821 1143 3876 meri·

251 3912 296 3958 tus
312 3907 427 3975 estgcel.
446 3920 685 3963 sexennem.
703 3935 738 3954 ·-

193 3991 235 4059 (3)
254 3989 334 4044 Coni-
352 4009 430 4062 supro
447 4009 506 4063 pag.
526 3993 586 4045 113.
