2596 4718
563 384 713 450 69st

280 592 282 597 ’
327 588 374 669 2.)
413 585 610 646 Exrrtrarrrs
630 605 660 643 ut
683 604 843 644 amaranto.

360 764 392 814 t.
430 776 517 812 tortus
534 773 662 812 mistress
680 775 813 810 exureris.

88 949 91 958 ·
141 910 204 982 ΙΙΙ.
246 912 370 998 Capitis
388 892 676 998 integumentaita
692 909 833 986 rossem,
857 918 894 973 ut
907 906 958 1005 ab
971 908 1070 975 'anu-

70 1002 71 1005 '
98 1016 187 1086 riore
208 1031 304 1107 parte
325 1030 505 1111 retrorsum
525 1020 569 1084 ad
597 1039 779 1106 congruam
812 1038 917 1105 utque
945 1017 1069 1086 distan-

101 1131 198 1207 tiam,
222 1127 308 1195 inira
327 1131 454 1206 locum,
477 1129 535 1193 ubi
565 1129 663 1193 crista
683 1128 870 1215 occipitalis
885 1138 979 1193 tactu
996 1150 1074 1214 per·

101 1216 241 1324 cipitur,
262 1250 361 1304 cauta
380 1260 481 1303 manu
499 1259 683 1303 resecarem
699 1239 879 1315 musculos,
898 1235 978 1302 huic
992 1233 1072 1303 emi·
1158 1266 1164 1277 ’

99 1348 232 1412 nentiae
249 1349 379 1429 affixos3
400 1348 529 1425 curavi,
553 1369 596 1413 ne
609 1357 817 1434 postrorsum
833 1358 866 1413 et
886 1357 1072 1412 antrorsum
1200 1328 1203 1340 ¹

97 1457 194 1521 nimis
211 1457 313 1544 longa
328 1457 422 1521 fieret
438 1457 572 1534 incisio,
590 1458 670 1543 quis
690 1478 818 1542 semper
831 1467 936 1522 metus
950 1467 997 1521 est
1013 1478 1072 1523 ve·

32 1639 36 1647 ⁴
97 1563 255 1630 hementis
279 1563 567 1655 haemorrhagiae,
595 1586 663 1652 qua
683 1567 813 1651 saepius
834 1566 974 1643 animal,
996 1565 1073 1631 bre·

96 1674 128 1739 vi
150 1676 307 1760 temporis
328 1675 521 1753 intervallo,
546 1674 644 1760 perit.
695 1675 830 1740 Subtilis
854 1694 963 1739 serrae
987 1695 1069 1761 ope,
1132 1746 1135 1751 ,

96 1793 246 1869 quatuor
265 1784 334 1848 lere
361 1784 464 1849 lineas
493 1783 554 1848 sub
575 1784 673 1849 crista
693 1784 865 1870 occipitali
891 1794 1074 1850 transverse

45 1876 47 1882 '
98 1891 249 1955 cremum
268 1875 435 1977 persecu,
461 1892 627 1979 aliamque
653 1903 871 1960 transversam
893 1892 1072 1958 sectionem

96 2001 215 2065 eodem
235 2002 338 2065 modo
358 2002 501 2078 institui,
521 2023 576 2066 sex
594 2002 731 2088 quidem
752 2002 855 2065 lineas
873 2022 973 2087 supra
991 2023 1071 2067 ean·

26 2112 32 2120 '
95 2109 172 2174 dem
189 2109 415 2190 eminentiam3
435 2109 513 2174 dein
533 2102 716 2176 sectionum
735 2120 879 2175 extrema
897 2111 969 2175 aliia
987 2112 1073 2176 dua-

93 2217 156 2284 bus
176 2219 377 2285 sectionibus
402 2219 700 2307 longitudinalibus
722 2220 881 2307 conjunxi
906 2217 986 2307 (ope
1004 2209 1073 2285 ser'-
1172 2221 1175 2226 ’

93 2327 185 2416 rae),
209 2319 256 2393 ita
283 2339 320 2393 ut
342 2350 420 2414 pars
441 2329 675 2416 conceptaculi
696 2327 871 2414 encephali
891 2329 938 2394 sic
963 2330 1071 2394 soluta
1138 2343 1140 2347 ’

46 2519 48 2533 Ι
93 2438 191 2503 eximi
217 2438 379 2524 potuerit,
414 2437 617 2526 quo't'acto‚¹
637 2436 729 2502 facili
747 2458 850 2522 opera
872 2437 1071 2505 cerebellum
1121 2504 1124 2509 ,

94 2556 127 2610 et
148 2556 315 2632 postrema
336 2547 464 2611 cerebri
482 2529 560 2633 pars
580 2545 825 2610 denudabatur.
853 2536 976 2610 'Porro
995 2557 1070 2612 sen2
1109 2588 1112 2596 ·

91 2655 153 2719 sim
169 2655 365 2742 semsimque
375 2654 531 2720 cerebelli
540 2655 705 2741 quasdam
719 2664 832 2740 partes
842 2654 978 2732 abstuli,
991 2655 1067 2719 nul·
1115 2663 1145 2695 ·'
1194 2685 1199 2697 «

93 2755 283 2827 lumtam'en
292 2764 513 2828 mutationem
526 2762 834 2828 observarelicuit.
851 2761 955 2833 nnio
975 2773 1071 2848 parte
1160 2805 1162 2809 .
1189 2748 1193 2758 ⁴

63 2865 67 2870 ’
91 2869 221 2948 ablati,
239 2872 310 2957 solo
327 2872 519 2958 impositum
534 2870 656 2945 ammal
673 2858 870 2940 naturaliter
878 2869 1067 2938 incedebat.
1207 2953 1209 2959 Ι

91 2979 208 3066 Neque
215 2979 288 3066 jam
299 2980 369 3044 lere
381 2991 453 3046 toto
466 2980 630 3046 cerebello
643 2980 757 3044 ablato
773 2979 841 3044 ulla
860 2980 1068 3047 animadver·
1131 3030 1134 3035 -

25 3150 28 3155 .
88 3087 222 3153 tebatur
241 3090 393 3154 mutatio.
429 3091 540 3172 Quum
559 3090 683 3155 animal
700 3089 840 3180 vinculis
860 3089 1063 3170 liberassem,

91 3199 168 3291 satis
187 3199 272 3264 bene
289 3220 359 3264 sese
380 3198 544 3277 habebat,
566 3200 717 3287 quamvis
728 3199 947 3264 debilitatum.
980 3199 1067 3266 'lan-
1145 3209 1147 3213 ’

92 3302 167 3373 dem
189 3308 353 3395 prudente
377 3330 478 3374 manu
495 3310 602 3375 ‘aliam
624 3308 737 3374 adhuc
760 3308 916 3374 cerebelli
937 3309 1067 3394 partem
1107 3345 1110 3352 ·
1159 3305 1161 3310 ⁴

46 3405 48 3408 ⁵
93 3417 232 3495 abstuli,
258 3439 328 3506 quo
349 3419 460 3496 facto,
484 3418 624 3494 vinculis
645 3420 789 3484 solutum
807 3428 919 3482 motus
938 3417 1066 3483 inordi-

89 3536 186 3590 natos
202 3517 356 3606 instituit,
374 3549 517 3616 quorum
527 3548 591 3593 nec
607 3547 759 3605 causam,
773 3548 837 3606 nec
848 3526 931 3590 fines
942 3527 1065 3592 intelli·

91 3635 221 3722 gebam.
263 3635 326 3702 Per
351 3641 507 3725 quinque
532 3638 659 3704 minuta
682 3637 829 3704 secunda
850 3637 1012 3702 continno
1029 3636 1065 3701 in

88 3743 194 3822 latus,
215 3755 248 3809 et
259 3745 353 3832 quod
372 3748 491 3812 mirum
512 3758 575 3826 est,
600 3768 728 3834 semper
746 3748 781 3811 in
798 3747 962 3812 sinistrum
977 3747 1065 3809 latus

89 3875 160 3924 sese
171 3853 418 3935 circumvolvit,
438 3857 498 3922 etsi
510 3857 629 3948 dextro
638 3836 734 3922 lateri
744 3856 943 3944 impositum.
968 3852 1064 3919 Brevi

90 3973 240 4052 tempore
269 3975 344 4052 post
372 3975 481 4042 motus
510 3965 798 4062 imminuebantur.
844 3963 990 4038 Anima.
1024 3970 1062 4025 ¹¹¹
