<?xml version="1.0" encoding="UTF-8"?>
<!DOCTYPE html PUBLIC "-//W3C//DTD XHTML 1.0 Transitional//EN"
    "http://www.w3.org/TR/xhtml1/DTD/xhtml1-transitional.dtd">
<html xmlns="http://www.w3.org/1999/xhtml" xml:lang="en" lang="en">
 <head>
  <title>
</title>
<meta http-equiv="Content-Type" content="text/html;charset=utf-8" />
  <meta name='ocr-system' content='tesseract 3.04.00' />
  <meta name='ocr-capabilities' content='ocr_page ocr_carea ocr_par ocr_line ocrx_word'/>
</head>
<body>
  <div class='ocr_page' id='page_1' title='image "./disquisitiophys00deengoog_0087.png"; bbox 0 0 2596 4718; ppageno 0'>
   <div class='ocr_carea' id='block_1_1' title="bbox 568 362 699 445">
    <p class='ocr_par' dir='ltr' id='par_1_1' title="bbox 568 362 699 445">
     <span class='ocr_line' id='line_1_1' title="bbox 568 362 699 445; baseline -0.023 0"><span class='ocrx_word' id='word_1_1' title='bbox 568 362 699 445; x_wconf 73' lang='lat' dir='ltr'>olt&#39;</span> 
     </span>
    </p>
   </div>
   <div class='ocr_carea' id='block_1_2' title="bbox 10 559 1170 3595">
    <p class='ocr_par' dir='ltr' id='par_1_2' title="bbox 94 559 1063 975">
     <span class='ocr_line' id='line_1_2' title="bbox 141 559 1058 643; baseline 0.004 -18"><span class='ocrx_word' id='word_1_2' title='bbox 141 560 267 627; x_wconf 78' lang='lat' dir='ltr'>Revera</span> <span class='ocrx_word' id='word_1_3' title='bbox 294 559 489 635; x_wconf 83' lang='lat' dir='ltr'><strong>credebam,</strong></span> <span class='ocrx_word' id='word_1_4' title='bbox 518 568 593 643; x_wconf 91' lang='lat' dir='ltr'>post</span> <span class='ocrx_word' id='word_1_5' title='bbox 613 565 760 623; x_wconf 77' lang='lat' dir='ltr'>adunam</span> <span class='ocrx_word' id='word_1_6' title='bbox 779 571 811 624; x_wconf 86' lang='lat' dir='ltr'>et</span> <span class='ocrx_word' id='word_1_7' title='bbox 834 581 988 641; x_wconf 73' lang='lat' dir='ltr'>ramum</span> <span class='ocrx_word' id='word_1_8' title='bbox 1010 567 1058 628; x_wconf 91' lang='lat' dir='ltr'>al·</span> 
     </span>
     <span class='ocr_line' id='line_1_3' title="bbox 96 651 1062 760; baseline 0.003 -26"><span class='ocrx_word' id='word_1_9' title='bbox 96 671 164 734; x_wconf 92' lang='lat' dir='ltr'>lata</span> <span class='ocrx_word' id='word_1_10' title='bbox 203 678 395 756; x_wconf 85' lang='lat' dir='ltr'>argumenta</span> <span class='ocrx_word' id='word_1_11' title='bbox 432 668 593 732; x_wconf 91' lang='lat' dir='ltr'>neminem</span> <span class='ocrx_word' id='word_1_12' title='bbox 628 667 738 733; x_wconf 88' lang='lat' dir='ltr'>adhuc</span> <span class='ocrx_word' id='word_1_13' title='bbox 770 651 938 748; x_wconf 84' lang='lat' dir='ltr'>dubitare,</span> <span class='ocrx_word' id='word_1_14' title='bbox 979 674 1062 760; x_wconf 88' lang='lat' dir='ltr'>quin</span> 
     </span>
     <span class='ocr_line' id='line_1_4' title="bbox 97 778 1061 864; baseline 0.004 -22"><span class='ocrx_word' id='word_1_15' title='bbox 97 781 203 846; x_wconf 83' lang='lat' dir='ltr'>nervis</span> <span class='ocrx_word' id='word_1_16' title='bbox 220 779 341 864; x_wconf 84' lang='lat' dir='ltr'>duplex</span> <span class='ocrx_word' id='word_1_17' title='bbox 360 788 478 841; x_wconf 88' lang='lat' dir='ltr'>natura</span> <span class='ocrx_word' id='word_1_18' title='bbox 498 778 556 854; x_wconf 92' lang='lat' dir='ltr'>sit,</span> <span class='ocrx_word' id='word_1_19' title='bbox 575 788 720 842; x_wconf 77' lang='lat' dir='ltr'><strong>attamen</strong></span> <span class='ocrx_word' id='word_1_20' title='bbox 740 798 780 841; x_wconf 84' lang='lat' dir='ltr'>cx</span> <span class='ocrx_word' id='word_1_21' title='bbox 796 798 896 863; x_wconf 88' lang='lat' dir='ltr'>opere</span> <span class='ocrx_word' id='word_1_22' title='bbox 913 779 961 846; x_wconf 82' lang='lat' dir='ltr'>Cl.</span> <span class='ocrx_word' id='word_1_23' title='bbox 979 783 1061 846; x_wconf 82' lang='lat' dir='ltr'>raa·</span> 
     </span>
     <span class='ocr_line' id='line_1_5' title="bbox 94 885 1063 975; baseline 0.001 -22"><span class='ocrx_word' id='word_1_24' title='bbox 94 909 231 965; x_wconf 78' lang='lat' dir='ltr'>viram,</span> <span class='ocrx_word' id='word_1_25' title='bbox 267 887 320 950; x_wconf 93' lang='lat' dir='ltr'>cui</span> <span class='ocrx_word' id='word_1_26' title='bbox 344 887 472 952; x_wconf 84' lang='lat' dir='ltr'>titulus:</span> <span class='ocrx_word' id='word_1_27' title='bbox 498 887 566 950; x_wconf 74' lang='lat' dir='ltr'>nte</span> <span class='ocrx_word' id='word_1_28' title='bbox 587 885 880 975; x_wconf 79' lang='lat' dir='ltr'>Erschca&#39;nungen</span> <span class='ocrx_word' id='word_1_29' title='bbox 902 887 980 953; x_wconf 80' lang='lat' dir='ltr'>und</span> <span class='ocrx_word' id='word_1_30' title='bbox 998 888 1063 954; x_wconf 79' lang='lat' dir='ltr'>Ge·</span> 
     </span>
    </p>

    <p class='ocr_par' dir='ltr' id='par_1_3' title="bbox 15 995 1170 1837">
     <span class='ocr_line' id='line_1_6' title="bbox 40 995 1059 1084; baseline 0.007 -29"><span class='ocrx_word' id='word_1_31' title='bbox 40 1049 42 1055; x_wconf 74' lang='grc'>,</span> <span class='ocrx_word' id='word_1_32' title='bbox 99 1004 194 1062; x_wconf 67' lang='lat' dir='ltr'>cetae</span> <span class='ocrx_word' id='word_1_33' title='bbox 213 998 275 1061; x_wconf 81' lang='lat' dir='ltr'>dcc</span> <span class='ocrx_word' id='word_1_34' title='bbox 295 995 528 1084; x_wconf 73' lang='lat' dir='ltr'>organisclren</span> <span class='ocrx_word' id='word_1_35' title='bbox 553 997 706 1073; x_wconf 78' lang='lat' dir='ltr'>lebena,</span> <span class='ocrx_word' id='word_1_36' title='bbox 731 996 870 1061; x_wconf 89' lang='lat' dir='ltr'>Bremen</span> <span class='ocrx_word' id='word_1_37' title='bbox 893 998 988 1063; x_wconf 78' lang='lat'><strong>1832.</strong></span> <span class='ocrx_word' id='word_1_38' title='bbox 1014 996 1059 1062; x_wconf 75' lang='grc' dir='ltr'>Β.</span> 
     </span>
     <span class='ocr_line' id='line_1_7' title="bbox 15 1104 1060 1192; baseline 0.002 -24"><span class='ocrx_word' id='word_1_39' title='bbox 15 1185 16 1189; x_wconf 9' lang='lat'>¹</span> <span class='ocrx_word' id='word_1_40' title='bbox 95 1104 141 1170; x_wconf 91' lang='lat'>11.</span> <span class='ocrx_word' id='word_1_41' title='bbox 169 1125 247 1192; x_wconf 84' lang='lat' dir='ltr'>pag.</span> <span class='ocrx_word' id='word_1_42' title='bbox 273 1104 338 1183; x_wconf 72' lang='grc'>39,</span> <span class='ocrx_word' id='word_1_43' title='bbox 371 1126 424 1170; x_wconf 92' lang='lat' dir='ltr'>me</span> <span class='ocrx_word' id='word_1_44' title='bbox 450 1104 573 1169; x_wconf 87' lang='lat' dir='ltr'>bacin</span> <span class='ocrx_word' id='word_1_45' title='bbox 599 1126 634 1170; x_wconf 93' lang='lat' dir='ltr'>re</span> <span class='ocrx_word' id='word_1_46' title='bbox 662 1106 833 1183; x_wconf 81' lang='lat' dir='ltr'>erravisse,</span> <span class='ocrx_word' id='word_1_47' title='bbox 857 1127 947 1172; x_wconf 88' lang='lat' dir='ltr'>nunc</span> <span class='ocrx_word' id='word_1_48' title='bbox 969 1126 1060 1171; x_wconf 91' lang='lat' dir='ltr'>com·</span> 
     </span>
     <span class='ocr_line' id='line_1_8' title="bbox 37 1209 1086 1309; baseline -0.002 -30"><span class='ocrx_word' id='word_1_49' title='bbox 37 1209 47 1231; x_wconf 72' lang='lat'><em>³</em></span> <span class='ocrx_word' id='word_1_50' title='bbox 96 1226 227 1301; x_wconf 88' lang='lat' dir='ltr'>pertum</span> <span class='ocrx_word' id='word_1_51' title='bbox 245 1214 364 1279; x_wconf 89' lang='lat' dir='ltr'>babeo.</span> <span class='ocrx_word' id='word_1_52' title='bbox 788 1222 805 1309; x_wconf 20' lang='grc' dir='ltr'><em>Ἀ</em></span> <span class='ocrx_word' id='word_1_53' title='bbox 1018 1216 1021 1222; x_wconf 89' lang='grc'>’</span> <span class='ocrx_word' id='word_1_54' title='bbox 1083 1216 1086 1226; x_wconf 74' lang='grc'><strong>“</strong></span> 
     </span>
     <span class='ocr_line' id='line_1_9' title="bbox 101 1324 1062 1411; baseline 0.002 -23"><span class='ocrx_word' id='word_1_55' title='bbox 101 1369 104 1375; x_wconf 75' lang='lat'>,</span> <span class='ocrx_word' id='word_1_56' title='bbox 140 1324 254 1388; x_wconf 79' lang='lat' dir='ltr'>Refert</span> <span class='ocrx_word' id='word_1_57' title='bbox 273 1324 359 1388; x_wconf 88' lang='lat' dir='ltr'>enim</span> <span class='ocrx_word' id='word_1_58' title='bbox 384 1324 432 1390; x_wconf 87' lang='lat' dir='ltr'>Cl.</span> <span class='ocrx_word' id='word_1_59' title='bbox 457 1325 512 1390; x_wconf 92' lang='lat' dir='ltr'>ille</span> <span class='ocrx_word' id='word_1_60' title='bbox 528 1325 673 1403; x_wconf 83' lang='lat' dir='ltr'>Auctor,</span> <span class='ocrx_word' id='word_1_61' title='bbox 699 1347 766 1391; x_wconf 90' lang='lat' dir='ltr'>sese</span> <span class='ocrx_word' id='word_1_62' title='bbox 788 1326 1008 1411; x_wconf 85' lang='lat' dir='ltr'>experimenta</span> <span class='ocrx_word' id='word_1_63' title='bbox 1027 1326 1062 1390; x_wconf 89' lang='lat' dir='ltr'>in</span> 
     </span>
     <span class='ocr_line' id='line_1_10' title="bbox 96 1423 1062 1519; baseline 0.002 -24"><span class='ocrx_word' id='word_1_64' title='bbox 96 1423 271 1499; x_wconf 66' lang='lat' dir='ltr'>neruorum</span> <span class='ocrx_word' id='word_1_65' title='bbox 309 1435 473 1498; x_wconf 86' lang='lat' dir='ltr'>medullae</span> <span class='ocrx_word' id='word_1_66' title='bbox 515 1435 648 1519; x_wconf 89' lang='lat' dir='ltr'>spinalis</span> <span class='ocrx_word' id='word_1_67' title='bbox 683 1435 850 1499; x_wconf 80' lang='lat' dir='ltr'>radicibus</span> <span class='ocrx_word' id='word_1_68' title='bbox 884 1455 985 1499; x_wconf 88' lang='lat' dir='ltr'>ranae</span> <span class='ocrx_word' id='word_1_69' title='bbox 1012 1435 1062 1497; x_wconf 92' lang='lat' dir='ltr'>in-</span> 
     </span>
     <span class='ocr_line' id='line_1_11' title="bbox 96 1538 1170 1629; baseline 0.002 -24"><span class='ocrx_word' id='word_1_70' title='bbox 96 1542 251 1619; x_wconf 86' lang='lat' dir='ltr'>stituisse,</span> <span class='ocrx_word' id='word_1_71' title='bbox 286 1562 355 1606; x_wconf 89' lang='lat' dir='ltr'>non</span> <span class='ocrx_word' id='word_1_72' title='bbox 383 1553 492 1608; x_wconf 88' lang='lat' dir='ltr'>autem</span> <span class='ocrx_word' id='word_1_73' title='bbox 518 1538 680 1628; x_wconf 88' lang='lat' dir='ltr'>ejusmodi</span> <span class='ocrx_word' id='word_1_74' title='bbox 707 1543 894 1607; x_wconf 83' lang='lat' dir='ltr'>observasse</span> <span class='ocrx_word' id='word_1_75' title='bbox 911 1542 1059 1629; x_wconf 86' lang='lat' dir='ltr'>phaeno·</span> <span class='ocrx_word' id='word_1_76' title='bbox 1166 1571 1170 1578; x_wconf 84' lang='lat'><em>·</em></span> 
     </span>
     <span class='ocr_line' id='line_1_12' title="bbox 95 1644 1062 1740; baseline 0.003 -26"><span class='ocrx_word' id='word_1_77' title='bbox 95 1671 207 1727; x_wconf 88' lang='lat' dir='ltr'>mena,</span> <span class='ocrx_word' id='word_1_78' title='bbox 243 1651 331 1714; x_wconf 89' lang='lat' dir='ltr'>unde</span> <span class='ocrx_word' id='word_1_79' title='bbox 360 1644 539 1714; x_wconf 86' lang='lat' dir='ltr'>anteriores</span> <span class='ocrx_word' id='word_1_80' title='bbox 567 1650 696 1715; x_wconf 82' lang='lat' dir='ltr'>radices</span> <span class='ocrx_word' id='word_1_81' title='bbox 717 1652 777 1715; x_wconf 93' lang='lat' dir='ltr'>soli</span> <span class='ocrx_word' id='word_1_82' title='bbox 803 1653 926 1729; x_wconf 86' lang='lat' dir='ltr'>motui,</span> <span class='ocrx_word' id='word_1_83' title='bbox 950 1661 1062 1740; x_wconf 82' lang='lat' dir='ltr'>poste·</span> 
     </span>
     <span class='ocr_line' id='line_1_13' title="bbox 98 1747 1063 1837; baseline 0.004 -15"><span class='ocrx_word' id='word_1_84' title='bbox 98 1747 289 1823; x_wconf 50' lang='lat' dir='ltr'>riores&#39;soli</span> <span class='ocrx_word' id='word_1_85' title='bbox 319 1750 434 1823; x_wconf 80' lang='lat' dir='ltr'>sensui&#39;</span> <span class='ocrx_word' id='word_1_86' title='bbox 453 1778 519 1822; x_wconf 90' lang='lat' dir='ltr'>esse</span> <span class='ocrx_word' id='word_1_87' title='bbox 549 1758 691 1837; x_wconf 86' lang='lat' dir='ltr'>dicatas,</span> <span class='ocrx_word' id='word_1_88' title='bbox 717 1760 917 1825; x_wconf 84' lang='lat' dir='ltr'>concludere</span> <span class='ocrx_word' id='word_1_89' title='bbox 937 1759 1063 1826; x_wconf 88' lang='lat' dir='ltr'>liceret.</span> 
     </span>
    </p>

    <p class='ocr_par' dir='ltr' id='par_1_4' title="bbox 10 1855 1120 3260">
     <span class='ocr_line' id='line_1_14' title="bbox 139 1855 1063 1964; baseline 0.004 -34"><span class='ocrx_word' id='word_1_90' title='bbox 139 1855 387 1944; x_wconf 85' lang='lat' dir='ltr'>Phaenomena,</span> <span class='ocrx_word' id='word_1_91' title='bbox 411 1868 446 1931; x_wconf 94' lang='lat' dir='ltr'>in</span> <span class='ocrx_word' id='word_1_92' title='bbox 468 1867 662 1932; x_wconf 86' lang='lat' dir='ltr'>animalibus</span> <span class='ocrx_word' id='word_1_93' title='bbox 681 1878 756 1952; x_wconf 87' lang='lat' dir='ltr'>post</span> <span class='ocrx_word' id='word_1_94' title='bbox 774 1868 990 1964; x_wconf 65' lang='lat' dir='ltr'>irritationem</span> <span class='ocrx_word' id='word_1_95' title='bbox 1008 1891 1063 1934; x_wconf 90' lang='lat' dir='ltr'>ra·</span> 
     </span>
     <span class='ocr_line' id='line_1_15' title="bbox 10 1976 1063 2063; baseline 0.001 -22"><span class='ocrx_word' id='word_1_96' title='bbox 10 2047 11 2053; x_wconf 15' lang='lat'>1</span> <span class='ocrx_word' id='word_1_97' title='bbox 97 1977 208 2041; x_wconf 90' lang='lat' dir='ltr'>dicum</span> <span class='ocrx_word' id='word_1_98' title='bbox 235 1996 410 2042; x_wconf 84' lang='lat' dir='ltr'>nervorum</span> <span class='ocrx_word' id='word_1_99' title='bbox 440 1976 625 2055; x_wconf 84' lang='lat' dir='ltr'>observata,</span> <span class='ocrx_word' id='word_1_100' title='bbox 650 1978 754 2041; x_wconf 90' lang='lat' dir='ltr'>multo</span> <span class='ocrx_word' id='word_1_101' title='bbox 780 1978 909 2042; x_wconf 79' lang='lat' dir='ltr'>foedius</span> <span class='ocrx_word' id='word_1_102' title='bbox 926 1978 988 2063; x_wconf 89' lang='lat' dir='ltr'>ipsi</span> <span class='ocrx_word' id='word_1_103' title='bbox 1008 1999 1063 2042; x_wconf 86' lang='lat' dir='ltr'>ex·</span> 
     </span>
     <span class='ocr_line' id='line_1_16' title="bbox 18 2085 1063 2174; baseline 0.004 -26"><span class='ocrx_word' id='word_1_104' title='bbox 18 2135 23 2140; x_wconf 91' lang='lat'>.</span> <span class='ocrx_word' id='word_1_105' title='bbox 100 2085 258 2172; x_wconf 88' lang='lat' dir='ltr'>plicanda</span> <span class='ocrx_word' id='word_1_106' title='bbox 285 2085 452 2161; x_wconf 88' lang='lat' dir='ltr'>videntur,</span> <span class='ocrx_word' id='word_1_107' title='bbox 483 2087 528 2163; x_wconf 89' lang='lat' dir='ltr'>si,</span> <span class='ocrx_word' id='word_1_108' title='bbox 559 2096 595 2150; x_wconf 85' lang='lat' dir='ltr'>ut</span> <span class='ocrx_word' id='word_1_109' title='bbox 621 2087 736 2152; x_wconf 84' lang='lat' dir='ltr'>docuit</span> <span class='ocrx_word' id='word_1_110' title='bbox 765 2086 813 2152; x_wconf 86' lang='lat' dir='ltr'>ct.</span> <span class='ocrx_word' id='word_1_111' title='bbox 845 2108 967 2152; x_wconf 78' lang='lat' dir='ltr'>scanra</span> <span class='ocrx_word' id='word_1_112' title='bbox 995 2086 1063 2174; x_wconf 85' lang='lat' dir='ltr'>(l),</span> 
     </span>
     <span class='ocr_line' id='line_1_17' title="bbox 26 2187 1120 2283; baseline 0 -24"><span class='ocrx_word' id='word_1_113' title='bbox 26 2235 29 2239; x_wconf 89' lang='lat'><em>-</em></span> <span class='ocrx_word' id='word_1_114' title='bbox 97 2206 259 2281; x_wconf 85' lang='lat' dir='ltr'>ponatur,</span> <span class='ocrx_word' id='word_1_115' title='bbox 284 2195 481 2280; x_wconf 87' lang='lat' dir='ltr'>posteriores</span> <span class='ocrx_word' id='word_1_116' title='bbox 505 2187 634 2260; x_wconf 90' lang='lat' dir='ltr'>radices</span> <span class='ocrx_word' id='word_1_117' title='bbox 653 2195 698 2259; x_wconf 91' lang='lat' dir='ltr'>ad</span> <span class='ocrx_word' id='word_1_118' title='bbox 719 2206 857 2281; x_wconf 80' lang='lat' dir='ltr'>systema</span> <span class='ocrx_word' id='word_1_119' title='bbox 877 2194 1063 2283; x_wconf 87' lang='lat' dir='ltr'>Sympatbi-</span> <span class='ocrx_word' id='word_1_120' title='bbox 1118 2197 1120 2201; x_wconf 78' lang='grc'>’</span> 
     </span>
     <span class='ocr_line' id='line_1_18' title="bbox 22 2289 1065 2395; baseline -0.002 -25"><span class='ocrx_word' id='word_1_121' title='bbox 22 2391 24 2395; x_wconf 9' lang='lat'><strong>¹</strong></span> <span class='ocrx_word' id='word_1_122' title='bbox 97 2320 174 2370; x_wconf 79' lang='lat' dir='ltr'>cum</span> <span class='ocrx_word' id='word_1_123' title='bbox 209 2307 388 2391; x_wconf 85' lang='lat' dir='ltr'>pertinere,</span> <span class='ocrx_word' id='word_1_124' title='bbox 431 2306 548 2369; x_wconf 84' lang='lat' dir='ltr'>itaut</span> <span class='ocrx_word' id='word_1_125' title='bbox 574 2305 695 2369; x_wconf 89' lang='lat' dir='ltr'>stimuli</span> <span class='ocrx_word' id='word_1_126' title='bbox 721 2303 816 2370; x_wconf 87' lang='lat' dir='ltr'>bisce</span> <span class='ocrx_word' id='word_1_127' title='bbox 843 2289 970 2370; x_wconf 88' lang='lat' dir='ltr'>admoti</span> <span class='ocrx_word' id='word_1_128' title='bbox 994 2328 1065 2392; x_wconf 77' lang='lat' dir='ltr'>per</span> 
     </span>
     <span class='ocr_line' id='line_1_19' title="bbox 28 2397 1064 2504; baseline -0.002 -25"><span class='ocrx_word' id='word_1_129' title='bbox 28 2454 31 2459; x_wconf 92' lang='lat'><em>-</em></span> <span class='ocrx_word' id='word_1_130' title='bbox 101 2430 306 2480; x_wconf 74' lang='lat' dir='ltr'>consensum</span> <span class='ocrx_word' id='word_1_131' title='bbox 326 2415 361 2477; x_wconf 91' lang='lat' dir='ltr'>in</span> <span class='ocrx_word' id='word_1_132' title='bbox 379 2397 544 2479; x_wconf 64' lang='lat' dir='ltr'>entrcmas&gt;</span> <span class='ocrx_word' id='word_1_133' title='bbox 561 2436 696 2504; x_wconf 88' lang='lat' dir='ltr'>quoque</span> <span class='ocrx_word' id='word_1_134' title='bbox 720 2415 868 2500; x_wconf 88' lang='lat' dir='ltr'>corporis</span> <span class='ocrx_word' id='word_1_135' title='bbox 885 2423 996 2500; x_wconf 90' lang='lat' dir='ltr'>partes</span> <span class='ocrx_word' id='word_1_136' title='bbox 1016 2411 1064 2478; x_wconf 82' lang='lat' dir='ltr'>ei·</span> 
     </span>
     <span class='ocr_line' id='line_1_20' title="bbox 99 2509 1067 2613; baseline -0.002 -27"><span class='ocrx_word' id='word_1_137' title='bbox 99 2525 204 2613; x_wconf 82' lang='lat' dir='ltr'>factus</span> <span class='ocrx_word' id='word_1_138' title='bbox 225 2509 308 2587; x_wconf 69' lang='lat' dir='ltr'>vsuos</span> <span class='ocrx_word' id='word_1_139' title='bbox 332 2523 526 2600; x_wconf 83' lang='lat' dir='ltr'>extendant,</span> <span class='ocrx_word' id='word_1_140' title='bbox 539 2530 540 2535; x_wconf 77' lang='grc'>’</span> <span class='ocrx_word' id='word_1_141' title='bbox 552 2523 672 2587; x_wconf 91' lang='lat' dir='ltr'>stimuli</span> <span class='ocrx_word' id='word_1_142' title='bbox 690 2533 825 2600; x_wconf 85' lang='lat' dir='ltr'>contra,</span> <span class='ocrx_word' id='word_1_143' title='bbox 851 2521 1067 2587; x_wconf 87' lang='lat' dir='ltr'>anterioribus</span> 
     </span>
     <span class='ocr_line' id='line_1_21' title="bbox 96 2631 1065 2716; baseline -0.003 -20"><span class='ocrx_word' id='word_1_144' title='bbox 96 2631 263 2696; x_wconf 90' lang='lat' dir='ltr'>radicibus</span> <span class='ocrx_word' id='word_1_145' title='bbox 300 2631 455 2708; x_wconf 85' lang='lat' dir='ltr'>adhibiti,</span> <span class='ocrx_word' id='word_1_146' title='bbox 498 2631 623 2695; x_wconf 86' lang='lat' dir='ltr'>directe</span> <span class='ocrx_word' id='word_1_147' title='bbox 656 2631 863 2694; x_wconf 88' lang='lat' dir='ltr'>solummodo</span> <span class='ocrx_word' id='word_1_148' title='bbox 900 2640 1000 2716; x_wconf 83' lang='lat' dir='ltr'>agant</span> <span class='ocrx_word' id='word_1_149' title='bbox 1029 2631 1065 2694; x_wconf 91' lang='lat' dir='ltr'>in</span> 
     </span>
     <span class='ocr_line' id='line_1_22' title="bbox 100 2723 1111 2825; baseline -0.004 -20"><span class='ocrx_word' id='word_1_150' title='bbox 100 2750 227 2825; x_wconf 86' lang='lat' dir='ltr'>partes,</span> <span class='ocrx_word' id='word_1_151' title='bbox 250 2761 310 2825; x_wconf 88' lang='lat' dir='ltr'>per</span> <span class='ocrx_word' id='word_1_152' title='bbox 330 2726 413 2825; x_wconf 90' lang='lat' dir='ltr'>quas</span> <span class='ocrx_word' id='word_1_153' title='bbox 422 2740 498 2803; x_wconf 86' lang='lat' dir='ltr'>illac</span> <span class='ocrx_word' id='word_1_154' title='bbox 510 2739 758 2803; x_wconf 87' lang='lat' dir='ltr'>distribuuntur.</span> <span class='ocrx_word' id='word_1_155' title='bbox 782 2725 959 2804; x_wconf 80' lang='lat' dir='ltr'>Contendit</span> <span class='ocrx_word' id='word_1_156' title='bbox 969 2723 1061 2816; x_wconf 82' lang='lat' dir='ltr'>dein,</span> <span class='ocrx_word' id='word_1_157' title='bbox 1109 2765 1111 2770; x_wconf 95' lang='lat'><em>·</em></span> 
     </span>
     <span class='ocr_line' id='line_1_23' title="bbox 101 2845 1061 2934; baseline -0.003 -22"><span class='ocrx_word' id='word_1_158' title='bbox 101 2858 176 2934; x_wconf 87' lang='lat' dir='ltr'>post</span> <span class='ocrx_word' id='word_1_159' title='bbox 203 2857 311 2912; x_wconf 87' lang='lat' dir='ltr'>tantos</span> <span class='ocrx_word' id='word_1_160' title='bbox 332 2848 463 2931; x_wconf 88' lang='lat' dir='ltr'>dolores</span> <span class='ocrx_word' id='word_1_161' title='bbox 483 2857 676 2933; x_wconf 86' lang='lat' dir='ltr'>tantamque</span> <span class='ocrx_word' id='word_1_162' title='bbox 696 2847 861 2933; x_wconf 77' lang='lat' dir='ltr'>sanguinis</span> <span class='ocrx_word' id='word_1_163' title='bbox 877 2845 1061 2932; x_wconf 88' lang='lat' dir='ltr'>jacturam,</span> 
     </span>
     <span class='ocr_line' id='line_1_24' title="bbox 100 2955 1064 3032; baseline -0.004 -10"><span class='ocrx_word' id='word_1_164' title='bbox 100 2957 330 3022; x_wconf 89' lang='lat' dir='ltr'>difficillimum</span> <span class='ocrx_word' id='word_1_165' title='bbox 348 2977 414 3021; x_wconf 92' lang='lat' dir='ltr'>esse</span> <span class='ocrx_word' id='word_1_166' title='bbox 434 2957 670 3032; x_wconf 90' lang='lat' dir='ltr'>determinatu,</span> <span class='ocrx_word' id='word_1_167' title='bbox 693 2976 774 3019; x_wconf 90' lang='lat' dir='ltr'>num</span> <span class='ocrx_word' id='word_1_168' title='bbox 792 2964 916 3032; x_wconf 89' lang='lat' dir='ltr'>motus,</span> <span class='ocrx_word' id='word_1_169' title='bbox 941 2955 1064 3019; x_wconf 88' lang='lat' dir='ltr'>doloris</span> 
     </span>
     <span class='ocr_line' id='line_1_25' title="bbox 97 3063 1075 3142; baseline -0.004 -12"><span class='ocrx_word' id='word_1_170' title='bbox 97 3066 223 3131; x_wconf 84' lang='lat' dir='ltr'>indicia</span> <span class='ocrx_word' id='word_1_171' title='bbox 244 3067 307 3129; x_wconf 85' lang='lat' dir='ltr'>sint</span> <span class='ocrx_word' id='word_1_172' title='bbox 322 3064 483 3142; x_wconf 87' lang='lat' dir='ltr'>habendi,</span> <span class='ocrx_word' id='word_1_173' title='bbox 509 3086 651 3130; x_wconf 82' lang='lat' dir='ltr'>arr-vero</span> <span class='ocrx_word' id='word_1_174' title='bbox 670 3065 730 3129; x_wconf 90' lang='lat' dir='ltr'>soli</span> <span class='ocrx_word' id='word_1_175' title='bbox 748 3064 918 3129; x_wconf 90' lang='lat' dir='ltr'>consensui</span> <span class='ocrx_word' id='word_1_176' title='bbox 938 3063 1075 3127; x_wconf 83' lang='lat' dir='ltr'>adscri·&#39;</span> 
     </span>
     <span class='ocr_line' id='line_1_26' title="bbox 98 3171 1118 3260; baseline -0.002 -20"><span class='ocrx_word' id='word_1_177' title='bbox 98 3176 200 3241; x_wconf 91' lang='lat' dir='ltr'>bendi</span> <span class='ocrx_word' id='word_1_178' title='bbox 215 3173 339 3260; x_wconf 90' lang='lat' dir='ltr'>absque</span> <span class='ocrx_word' id='word_1_179' title='bbox 359 3175 427 3238; x_wconf 90' lang='lat' dir='ltr'>ulla</span> <span class='ocrx_word' id='word_1_180' title='bbox 442 3175 620 3241; x_wconf 86' lang='lat' dir='ltr'>voluntatis</span> <span class='ocrx_word' id='word_1_181' title='bbox 640 3175 786 3254; x_wconf 82' lang='lat' dir='ltr'>actione3</span> <span class='ocrx_word' id='word_1_182' title='bbox 809 3212 853 3223; x_wconf 91' lang='lat'><em>-</em></span> <span class='ocrx_word' id='word_1_183' title='bbox 874 3171 961 3236; x_wconf 91' lang='lat' dir='ltr'>banc</span> <span class='ocrx_word' id='word_1_184' title='bbox 982 3194 1061 3258; x_wconf 93' lang='lat' dir='ltr'>ope·</span> <span class='ocrx_word' id='word_1_185' title='bbox 1113 3235 1118 3245; x_wconf 84' lang='grc'>,</span> 
     </span>
    </p>

    <p class='ocr_par' dir='ltr' id='par_1_5' title="bbox 44 3282 1066 3595">
     <span class='ocr_line' id='line_1_27' title="bbox 98 3282 1066 3369; baseline -0.005 -18"><span class='ocrx_word' id='word_1_186' title='bbox 98 3287 279 3362; x_wconf 84' lang='lat' dir='ltr'>rationem,</span> <span class='ocrx_word' id='word_1_187' title='bbox 300 3305 381 3369; x_wconf 87' lang='lat' dir='ltr'>prae</span> <span class='ocrx_word' id='word_1_188' title='bbox 401 3285 552 3348; x_wconf 88' lang='lat' dir='ltr'>omnibus</span> <span class='ocrx_word' id='word_1_189' title='bbox 572 3283 661 3361; x_wconf 92' lang='lat' dir='ltr'>aliis,</span> <span class='ocrx_word' id='word_1_190' title='bbox 686 3282 818 3369; x_wconf 88' lang='lat' dir='ltr'>quaein</span> <span class='ocrx_word' id='word_1_191' title='bbox 835 3283 922 3346; x_wconf 89' lang='lat' dir='ltr'>ranis</span> <span class='ocrx_word' id='word_1_192' title='bbox 941 3283 1066 3359; x_wconf 86' lang='lat' dir='ltr'>institui</span> 
     </span>
     <span class='ocr_line' id='line_1_28' title="bbox 44 3371 1061 3489; baseline -0.004 -31"><span class='ocrx_word' id='word_1_193' title='bbox 44 3371 48 3379; x_wconf 36' lang='grc'><em>’</em></span> <span class='ocrx_word' id='word_1_194' title='bbox 97 3404 249 3480; x_wconf 86' lang='lat' dir='ltr'>possunt,</span> <span class='ocrx_word' id='word_1_195' title='bbox 275 3393 375 3458; x_wconf 89' lang='lat' dir='ltr'>citam</span> <span class='ocrx_word' id='word_1_196' title='bbox 396 3393 472 3477; x_wconf 87' lang='lat' dir='ltr'>ipsis</span> <span class='ocrx_word' id='word_1_197' title='bbox 490 3403 628 3457; x_wconf 88' lang='lat' dir='ltr'>mortem</span> <span class='ocrx_word' id='word_1_198' title='bbox 639 3391 832 3474; x_wconf 80' lang='lat' dir='ltr'>inferre3-</span> <span class='ocrx_word' id='word_1_199' title='bbox 849 3388 1061 3489; x_wconf 73' lang='lat' dir='ltr'>opisthotono</span> 
     </span>
     <span class='ocr_line' id='line_1_29' title="bbox 100 3496 1061 3595; baseline -0.004 -30"><span class='ocrx_word' id='word_1_200' title='bbox 100 3502 167 3566; x_wconf 83' lang='lat' dir='ltr'>iere</span> <span class='ocrx_word' id='word_1_201' title='bbox 188 3522 300 3567; x_wconf 88' lang='lat' dir='ltr'>omnes</span> <span class='ocrx_word' id='word_1_202' title='bbox 325 3521 422 3567; x_wconf 92' lang='lat' dir='ltr'>ranas</span> <span class='ocrx_word' id='word_1_203' title='bbox 446 3502 555 3565; x_wconf 87' lang='lat' dir='ltr'>statim</span> <span class='ocrx_word' id='word_1_204' title='bbox 575 3501 726 3595; x_wconf 69' lang='lat' dir='ltr'>corripi,</span> <span class='ocrx_word' id='word_1_205' title='bbox 740 3520 842 3587; x_wconf 88' lang='lat' dir='ltr'>quum</span> <span class='ocrx_word' id='word_1_206' title='bbox 862 3503 918 3563; x_wconf 75' lang='lat' dir='ltr'>ae&#39;r</span> <span class='ocrx_word' id='word_1_207' title='bbox 934 3496 1061 3562; x_wconf 92' lang='lat' dir='ltr'>medul-</span> 
     </span>
    </p>
   </div>
   <div class='ocr_carea' id='block_1_3' title="bbox 130 3771 1065 4040">
    <p class='ocr_par' dir='ltr' id='par_1_6' title="bbox 130 3771 1065 4040">
     <span class='ocr_line' id='line_1_30' title="bbox 130 3771 1065 3872; baseline -0.02 -10"><span class='ocrx_word' id='word_1_208' title='bbox 130 3801 174 3872; x_wconf 73' lang='grc' dir='ltr'>(Ι)</span> <span class='ocrx_word' id='word_1_209' title='bbox 192 3802 234 3854; x_wconf 77' lang='lat' dir='ltr'>Dc</span> <span class='ocrx_word' id='word_1_210' title='bbox 246 3805 364 3870; x_wconf 68' lang='lat' dir='ltr'>ganglia</span> <span class='ocrx_word' id='word_1_211' title='bbox 380 3821 535 3871; x_wconf 75' lang='lat' dir='ltr'>nervorum,</span> <span class='ocrx_word' id='word_1_212' title='bbox 554 3805 633 3872; x_wconf 78' lang='lat' dir='ltr'>deque</span> <span class='ocrx_word' id='word_1_213' title='bbox 645 3771 747 3868; x_wconf 52' lang='lat' dir='ltr'>&#39;orbim</span> <span class='ocrx_word' id='word_1_214' title='bbox 764 3806 790 3852; x_wconf 77' lang='lat' dir='ltr'>rt</span> <span class='ocrx_word' id='word_1_215' title='bbox 807 3798 918 3851; x_wconf 75' lang='lat' dir='ltr'>essentia</span> <span class='ocrx_word' id='word_1_216' title='bbox 930 3791 1065 3846; x_wconf 68' lang='lat' dir='ltr'>nemeta-</span> 
     </span>
     <span class='ocr_line' id='line_1_31' title="bbox 192 3876 1065 3943; baseline -0.011 -7"><span class='ocrx_word' id='word_1_217' title='bbox 192 3889 344 3940; x_wconf 71' lang='lat' dir='ltr'>temortatis.</span> <span class='ocrx_word' id='word_1_218' title='bbox 377 3886 609 3943; x_wconf 69' lang='lat' dir='ltr'>monstratust.</span> <span class='ocrx_word' id='word_1_219' title='bbox 636 3912 671 3928; x_wconf 92' lang='lat'>·-</span> <span class='ocrx_word' id='word_1_220' title='bbox 695 3883 809 3940; x_wconf 73' lang='lat' dir='ltr'>Oltntt&#39;s</span> <span class='ocrx_word' id='word_1_221' title='bbox 827 3883 891 3940; x_wconf 72' lang='lat' dir='ltr'>Isis,</span> <span class='ocrx_word' id='word_1_222' title='bbox 909 3877 986 3930; x_wconf 80' lang='lat'><strong>1832.</strong></span> <span class='ocrx_word' id='word_1_223' title='bbox 1002 3876 1065 3940; x_wconf 68' lang='lat' dir='ltr'>fasc,</span> 
     </span>
     <span class='ocr_line' id='line_1_32' title="bbox 192 3966 430 4040; baseline -0.017 -16"><span class='ocrx_word' id='word_1_224' title='bbox 192 3966 260 4024; x_wconf 77' lang='lat' dir='ltr'>llll.</span> <span class='ocrx_word' id='word_1_225' title='bbox 278 3987 336 4040; x_wconf 73' lang='lat' dir='ltr'>pag.</span> <span class='ocrx_word' id='word_1_226' title='bbox 355 3970 430 4024; x_wconf 74' lang='lat' dir='ltr'>laza.</span> 
     </span>
    </p>
   </div>
   <div class='ocr_carea' id='block_1_4' title="bbox 0 0 1307 4718">
    <p class='ocr_par' dir='ltr' id='par_1_7' title="bbox 0 0 1307 4718">
     <span class='ocr_line' id='line_1_33' title="bbox 0 0 1307 4718; baseline 0 0"><span class='ocrx_word' id='word_1_227' title='bbox 0 0 1307 4718; x_wconf 95' lang='lat' dir='ltr'> </span> 
     </span>
    </p>
   </div>
  </div>
 </body>
</html>
