2596 4718
516 452 519 457 ,
623 333 822 481 61 ’

340 567 368 616 B.
388 565 463 614 Uetus
481 575 607 610 οιιιιιιιι
625 573 812 621 ιΔιιιιιιιιμι
829 576 945 612 naono.

168 675 239 744 Ν.
264 673 667 758 HocceExperimentum,
692 666 786 756 quod
802 671 945 748 institui,
965 683 1000 736 ut
1018 669 1123 742 disce*
1159 684 1162 690 '

160 794 257 859 rem,
271 781 437 869 quaenam
454 780 517 844 sint
534 779 706 864 sequelae,
727 779 755 841 sl
769 780 904 843 unicum
921 779 1124 867 hemisphae-

156 893 243 976 rium
265 891 418 957 cerebelli
438 890 622 963 auferatur,
646 908 765 980 parum
783 889 957 966 successit,
982 898 1140 956 attamen'

159 1021 229 1080 nou
268 1020 399 1085 possum
435 1018 502 1062 non
536 996 656 1060 referre
688 996 869 1080 peculiaria
899 997 1128 1082 phaenomena

161 1107 282 1194 quibus
304 1129 416 1172 ansam
439 1088 540 1171 dedit.
654 1110 663 1130 ”
1087 1121 1091 1128 ’

206 1217 362 1301 Operatio
379 1217 462 1281 bene
483 1215 678 1289 succedere,
705 1214 882 1301 omniaque
902 1237 941 1280 ex
957 1227 1037 1282 voto
1055 1202 1135 1282 fieri

161 1325 375 1402 videbantur,
410 1347 489 1390 nam
518 1344 639 1411 magna
660 1322 733 1410 jam
758 1345 836 1409 pars
852 1326 971 1390 sinistri
988 1324 1128 1391 haemis-

161 1432 288 1518 phaerii
307 1434 460 1499 cerebelli
480 1432 592 1497 ablata
611 1442 701 1508 erat,
726 1433 847 1519 quum,'
871 1433 974 1518 parvd
995 1433 1131 1499 incisio·

158 1563 199 1607 ne
221 1543 330 1620 factd,
344 1587 346 1591 ψ
362 1542 608 1610 vehementibus
630 1542 750 1605 animal
770 1554 959 1627 correptum
981 1551 1128 1610 est‘eon·

76 1672 80 1678 ⁴
161 1652 382 1731 vulsionibus,
415 1652 450 1715 in
480 1651 644 1714 sinistrum
668 1650 754 1713 latus
783 1671 850 1714 sese
876 1662 1020 1736 pepetuo
1048 1670 1129 1716 con-

161 1761 304 1826 volvens.
354 1762 476 1824 Dextro
504 1759 600 1822 lateri
624 1757 764 1842 imposui
786 1759 925 1836 animal,
948 1757 1129 1824 identidem

162 1888 241 1932 varo
260 1867 295 1931 in
311 1869 473 1932 sinistrum
493 1889 560 1931 sese
574 1866 721 1932 revolvit.
766 1867 873 1931 Motus
889 1866 944 1932 hic
965 1867 1131 1932 abnormis
1173 1900 1177 1911 r

163 1997 245 2060 per,
262 1998 334 2053 sex,
369 1987 401 2040 et
427 1973 521 2063 quod
553 1975 714 2049 excurrit3
748 1971 846 2039 horas
874 1970 1128 2054 observabatur,

164 2085 313 2172 quamvis
335 2086 494 2155 continuo
510 2084 651 2149 debilior
669 2078 772 2149 fieret.
813 2084 875 2149 Per
897 2082 1029 2154 ultimas
1049 2086 1131 2149 duas

163 2191 261 2258 horas
296 2192 418 2258 animal
449 2195 485 2257 in
522 2215 638 2281 gyrum
672 2214 739 2257 sese
769 2193 962 2281 circumegit
998 2191 1143 2280 regula?
1244 2200 1247 2204 '

165 2323 252 2380 rem,
280 2303 374 2389 cujus
386 2303 551 2379 ,diameter
568 2304 709 2367 duarum
727 2302 859 2367 circiter
873 2305 1025 2368 ulnarum
1042 2313 1127 2379 erat,
1210 2336 1215 2345 ·

164 2433 356 2499 semperque
383 2414 518 2477 tandem
547 2413 583 2476 in
612 2412 776 2476 sinistrum
803 2412 889 2477 latus
909 2403 1131 2479 relabebatur.
1206 2495 1211 2503 Ι

163 2521 311 2608 Utroque
329 2523 416 2607 pede
428 2518 534 2586 dexlri
548 2521 658 2585 lateris
676 2521 711 2584 in
729 2542 839 2607 gressu
857 2515 954 2587 valde
971 2523 1130 2610 irregula-

165 2631 244 2694 riter
262 2630 432 2717 utebatur,
458 2630 552 2717 quod
570 2630 605 2693 in
625 2650 724 2693 causa
741 2629 818 2706 fuit,
840 2633 950 2696 curin
968 2632 1132 2696 sinistrum

163 2723 250 2803 latus
268 2739 396 2824 saepius
412 2739 585 2804 deciderit.
608 2737 734 2801 Sensim
749 2739 933 2825 sensimque
945 2761 1025 2806 vero
1042 2750 1134 2804 tran·

107 2856 116 2903 s
165 2846 311 2934 quillitas
328 2829 494 2926 rediebat,
520 2847 567 2911 ita
582 2858 618 2911 ut
634 2857 724 2912 sexta
740 2857 815 2932 post
830 2849 1057 2939 operationem
1067 2847 1137 2913 *ho-

165 2977 220 3032 ra,
242 2956 385 3043 regulari
398 2959 502 3044 magis
521 2978 630 3043 gressu
646 2957 828 3042 procedere
846 2950 1011 3043 coeperit.
1048 2958 1135 3023 Octo

166 3063 255 3128 horis
279 3067 527 3153 praeterlapsis,
558 3065 640 3131 nihil
658 3066 939 3151 praeternaturale
955 3068 1000 3132 'in
1024 3087 1134 3156 gressu

121 3192 127 3205 ·
165 3174 413 3240 observabatur.
446 3175 553 3242 Amici
570 3177 651 3253 mei,
673 3176 732 3262 qui
748 3197 845 3241 mane
863 3178 1051 3261 operationi
1073 3178 1134 3243 ad*

130 3350 136 3367 ¹
166 3270 314 3362 fuerant,
339 3286 393 3351 vix
413 3287 517 3352 oculis
540 3286 767 3380 crediderunt,
802 3307 905 3371 quum
928 3308 1061 3373 vespere
1082 3287 1134 3372 ip-

167 3414 238 3457 sum
250 3395 336 3459 illud
352 3395 476 3458 animal
495 3404 726 3483 agnoscerent,
748 3395 926 3480 tranquille
938 3395 1134 3459 circumam⁴

136 3585 138 3593 Α
167 3501 299 3580 bulans,
319 3503 645 3592 lubenterqua'oibos
663 3486 793 3573 oblatos
808 3502 1028 3569 commedeus,
1053 3504 1134 3589 Sep·

125 3619 129 3623 ’
169 3612 323 3676 temdies
338 3613 374 3676 in
391 3614 546 3698 cubiculo
567 3615 662 3691 vixit,
688 3618 789 3701 atque
806 3615 871 3691 nil,
896 3595 991 3701 quod
1003 3622 1136 3699 praeter
1203 3613 1207 3621 '

167 3741 318 3784 normam
346 3734 410 3799 est,
443 3725 478 3788 in
505 3725 606 3810 ipsius
633 3707 860 3788 functionibus
887 3720 1134 3787 observabatur.

84 3829 91 3835 ’
166 3829 296 3896 Vulnus
318 3833 434 3916 capitis
460 3833 638 3911 intactum,
673 3854 742 3898 non
775 3833 974 3920 deligatum,
1002 3828 1132 3914 reliqui.

169 3931 290 4003 Ultimo
309 3962 387 4006 vero
412 3943 465 4007 die
489 3945 532 4010 ad
552 3964 720 4029 vesperam
745 3953 879 4028 repente
901 3960 1032 4027 omnem
1054 3935 1134 4001 ami·
1156 4000 1159 4004 Δ
