2596 4718
693 342 696 350 ·
712 324 757 388 20

289 501 392 572 Alter
414 506 482 572 sive
505 527 655 592 sequeus
677 525 807 570 nervus
830 503 916 574 inter
940 515 1093 572 octavam
1109 511 1221 576 verte-⁴

128 698 130 703 ,
245 609 340 680 bram
363 625 394 680 et
411 614 455 680 Os
474 635 604 679 sacrum
625 614 793 701 egreditur
814 633 855 678 ao
882 614 1041 706 musculis*
1063 635 1219 687 necnon

246 725 316 788 cuti
342 724 441 788 totius
467 724 599 787 femoris
626 725 822 810 plerumque
848 723 1002 809 proprius
1023 733 1086 800 est,
1112 740 1216 812 quam

244 832 373 897 obrem
392 832 530 898 Nervus
550 832 672 896 dicitur
690 833 861 913 cruralic3

148 1012 151 1021 ,
286 943 425 1008 Neruas
456 945 602 1018 tertzus,
646 942 731 1006 inter
759 941 803 1009 Os
832 920 975 1006 sacruni
991 951 1024 1007 et
1054 941 1098 1006 Os
1132 962 1215 1009 coc-

114 1038 118 1043 ¹
182 1109 183 1114 ,
244 1055 335 1141 oygis
362 1075 380 1116 e
400 1021 519 1117 oebali
549 1053 665 1138 spinuli
698 1053 933 1140 progrediens,
964 1037 1119 1118 musculis
1149 1072 1215 1117 nec

234 1184 313 1227 ,non
333 1164 403 1228 euti
421 1172 453 1226 et
472 1162 574 1227 cruris
593 1171 625 1226 et
649 1162 742 1247 pedis
770 1162 971 1245 destinatus,
998 1161 1215 1227 ischiadicos

242 1273 381 1339 Nervus
400 1271 571 1337 vocandus
590 1281 648 1335 est.
1012 1261 1025 1269 '¹

291 1368 449 1467 Quartus
465 1400 604 1464 eparvo
622 1375 784 1444 foramine
796 1377 864 1467 (1),
884 1379 978 1466 quod
993 1379 1029 1443 in
1046 1377 1215 1464 superiore

244 1491 341 1554 tertia
357 1500 452 1574 parte
475 1487 561 1552 Oasis
584 1488 740 1574 coccygia
758 1499 821 1565 est,
850 1490 919 1553 exit
943 1500 1044 1574 atque
1072 1509 1134 1573 per
1152 1507 1213 1552 ctr-

137 1614 139 1625 “
244 1600 302 1664 tim
320 1597 546 1684 perinaeisese
566 1595 749 1677 distribuit;
769 1618 870 1683 quem
879 1597 1032 1694 Neruam
1052 1596 1131 1662 dico
1143 1618 1216 1683 pu·
1284 1622 1286 1627 ’

240 1708 402 1774 dandum
777 1769 778 1772 ,

285 1818 409 1884 Nervus
427 1814 627 1882 ischiadicos
651 1814 790 1880 caeteris
814 1815 953 1881 crassior
978 1826 1041 1893 est,
1071 1815 1110 1880 N.
1138 1835 1219 1880 cru·

240 1927 319 1991 ralis
343 1924 423 1989 huic
453 1917 597 1989 crassitie
625 1923 803 2000 sccundus,
838 1923 904 1989 hoo
930 1945 1009 1990 vero
1035 1945 1145 1988 rursus
1164 1932 1215 1988 te-

239 2034 338 2098 nuior
357 2034 553 2119 plerumque
582 2033 620 2096 N.
647 2031 837 2118 inguinalis;
866 2033 905 2098 N.
929 2032 1106 2118 pudendus
1142 2051 1216 2096 orn·

238 2143 331 2207 nium
350 2140 571 2227 tenuissimus,
603 2140 651 2204 ita
680 2149 717 2204 ut
742 2139 871 2225 saepius
899 2141 1074 2206 oculorum
1107 2138 1217 2208 aciem

183 2253 186 2258 ’
239 2253 308 2317 fere
330 2251 447 2338 fugiat.

282 2361 359 2430 Tres
377 2359 552 2424 exteriores
569 2361 661 2426 nervi
689 2382 707 2424 e
735 2361 881 2427 medulla
904 2361 1023 2448 spinuli
1042 2361 1214 2445 oriuntur,

239 2471 359 2556 singuli
385 2470 518 2556 duplice
547 2470 680 2546 radice,
705 2470 870 2560 anteriore
895 2479 928 2534 et
946 2471 1148 2558 posteriore,
1171 2473 1214 2539 N.

238 2573 414 2666 pudendus
435 2600 516 2646 vero
535 2600 603 2644 una
622 2589 752 2644 tantum
779 2579 910 2658 radice,
935 2601 1023 2666 quae
1045 2602 1122 2646 cum
1132 2602 1214 2668 pos·

238 2691 358 2755 teriora
378 2700 425 2756 est
447 2690 685 2776 comparanda.

279 2800 343 2865 Ubi
370 2823 387 2865 e
415 2800 525 2865 canali
551 2809 671 2865 exeunt
693 2799 892 2884 posteriores
919 2799 1084 2865 radices
1074 2822 1110 2864 ιιι
1128 2821 1215 2888 gurr-

236 2909 329 2998 glion
356 2910 502 2995 singulae
532 2911 770 2988 intumescunt,
794 2909 909 2996 ibique
939 2931 1016 2975 cum
1037 2910 1215 2976 anteriori·

235 3018 298 3082 bus
313 3017 481 3083 radicibus
491 3018 690 3113 junguntur.'
738 3019 801 3084 Diu
820 3018 966 3097 credidi,
990 3019 1133 3085 Nervum
1148 3041 1215 3106 pu·

155 3205 158 3208 ‚
236 3127 384 3193 dendum
400 3127 494 3192 nullo
512 3129 645 3220 ganglia
663 3129 852 3215 praeditum
874 3149 958 3220 esse;
983 3129 1119 3193 tandem
1134 3149 1217 3195 vero

235 3236 410 3302 observare
436 3236 548 3314 licuit,
573 3259 711 3306 nervum
736 3239 847 3317 illum,
883 3259 922 3303 ex
949 3236 1028 3304 Osse
1057 3237 1219 3326 coccygis

264 3579 305 3649 (1)
326 3578 359 3630 ln
373 3581 444 3649 Pipa
470 3581 703 3650 atqueXmopcdc
719 3583 821 3644 sordt,
847 3580 896 3650 qui
922 3578 1019 3648 singuli
1045 3581 1147 3646 septam
1169 3594 1221 3630 sc-

289 3687 292 3694 ·
324 3664 465 3717 lummodo
481 3657 606 3719 'vetebm
622 3663 743 3733 babent,
760 3668 811 3720 duc
830 3666 928 3717 admat
938 3666 1078 3733 foramina
1093 3664 1121 3713 ιἰι
1139 3668 1225 3714 utrc-

323 3750 376 3825 qoa‘
390 3748 472 3800 latere
492 3749 564 3801 Oasis
578 3753 712 3817 coccygia,
739 3765 855 3820 quorum
879 3747 1004 3817 superius
1016 3743 1055 3798 N.
1076 3740 1221 3797 ischiadici

322 3829 446 3883 transitui
463 3831 594 3900 inservit,
620 3833 683 3886 dom
703 3850 751 3902 per
768 3833 889 3888 foramen
906 3830 1016 3885 inferius
1039 3827 1096 3885 exit
1108 3825 1222 3887 Nerva

321 3913 468 3981 pudendos.
