2596 4718
617 324 686 423 rat
791 452 794 459 Ι

168 541 276 607 Vitam
295 539 489 605 Acz'mclem
511 536 772 623 pertenentibus
797 537 896 601 haud
920 533 1126 623 conjunctos

162 652 325 719 arsenio·
540 714 544 721 .
657 643 660 647 ’
708 635 717 652 ⁰
1118 658 1121 665 “

175 839 178 844 Δ
201 757 299 823 Nervi
322 756 372 820 iili
398 777 459 840 per
490 776 523 819 se
553 753 644 818 haud
671 765 808 839 possunt
832 754 992 820 accedere
1014 755 1129 830 adres

159 874 328 942 externas,
370 885 512 950 quarum
540 864 760 948 proprietates
792 873 868 928 sunt
896 863 1126 950 indagandae,

160 996 270 1063 noque
298 975 357 1039 ulli
381 975 439 1038 alii
464 973 556 1037 nervi
583 971 694 1036 sensus
723 971 789 1036 hoc
812 983 960 1058 possunt.
1005 975 1128 1043 Varum

160 1085 340 1151 enimvero
357 1104 401 1150 no
422 1085 565 1147 motorei'
578 1081 714 1168 quidem
732 1083 825 1147 nervi
842 1083 921 1168 ipsis
938 1092 1013 1148 suut
1025 1083 1131 1170 junc-

153 1195 203 1270 ti,
238 1194 377 1279 qui·vel
407 1212 458 1257 res
486 1180 635 1257 cateruas
657 1191 735 1277 ipsis
755 1192 1058 1282 organisusensuum
1075 1193 1129 1258 vol

158 1302 233 1366 vioe
260 1322 352 1367 versa
380 1322 506 1389 organa
531 1322 682 1365 sensuaun
702 1301 800 1366 rebus
816 1302 957 1367 externis
974 1322 1126 1387 perscru-

127 1436 128 1440 ’
159 1411 269 1476 tondis
297 1411 480 1502 adducant.
525 1410 619 1492 Quae
645 1420 688 1506 ut·
707 1411 790 1475 fiant
813 1432 941 1497 semper
961 1411 1017 1476 alii
1037 1413 1130 1480 nervi

159 1521 292 1585 motorii
311 1521 556 1607 requiruntur,¹
572 1520 631 1605 qui
648 1515 702 1585 vel
724 1521 824 1584 alium
846 1521 995 1606 corporis
1016 1524 1130 1587 locum

161 1639 348 1714 occupant,
386 1629 439 1694 vel
469 1627 560 1693 hisce
587 1610 696 1693 nervis
725 1649 877 1693 sensuum
899 1650 1006 1714 prope
1033 1629 1127 1717 adja-

159 1749 249 1803 cent.
279 1773 326 1785 -·
355 1737 468 1822 Longe
499 1736 565 1800 alio
592 1736 696 1801 modo
709 1729 814 1802 'nervi
837 1747 1028 1819 ,ceterorum
1053 1760 1128 1803 sen-
1167 1781 1168 1785 =

158 1848 254 1909 suum
278 1843 405 1931 (gustata
425 1855 528 1931 atque
546 1842 669 1930 tactus)
701 1866 735 1909 se
755 1843 896 1911 habant·
935 1847 978 1911 Ut
1004 1857 1131 1913 tactum

156 1974 370 2047 exerceamus
398 1953 455 2017 elii
482 1952 618 2039 quidem
643 1955 735 2020 uerri
752 1932 904 2032 motorii,
929 1976 1005 2021 cum
1022 1965 1131 2022 tactus

158 2065 267 2131 nervis
298 2064 430 2128 minime
446 2062 574 2149 juncti,
609 2085 706 2150 agere
733 2066 869 2133 omnino
886 2075 1042 2157 possum,
1072 2065 1133 2133 sed

158 2194 287 2260 sempor
306 2184 417 2238 tamen
435 2171 621 2237 norvicum
638 2171 728 2238 hisce
746 2172 887 2237 connexi
906 2174 1000 2238 simul
1017 2185 1130 2260 agant,

130 2354 135 2363 ,
159 2305 291 2349 necesse
312 2292 371 2348 ost.
416 2282 511 2347 Idem
529 2300 663 2366 prorsus
680 2282 723 2347 de
740 2293 839 2379 gustu
854 2284 952 2348 valet.

206 2393 379 2459 Praeterea
411 2390 446 2456 hi
476 2393 568 2457 nervi
593 2390 704 2457 sensus
737 2393 864 2478 primae
892 2393 1019 2470 classis,
1060 2394 1132 2459 aliis
1220 2423 1223 2428 ’

159 2501 309 2589 indigent
343 2503 451 2569 nervis
483 2500 574 2588 (ipsis
602 2500 694 2566 haud
725 2500 926 2589 conjunctis)
957 2502 1026 2590 .qui
1055 2513 1129 2568 tan·

116 2618 119 2623 ’
160 2632 263 2699 quam
299 2612 454 2679 custodes
488 2611 664 2676 custodum
703 2592 936 2675 considerandi
971 2621 1057 2675 aunt.
1087 2649 1131 2661 -

159 2718 228 2805 Ipsi
245 2720 400 2783 nimirum
417 2718 491 2782 illas
512 2718 744 2807 tantummodo
763 2739 873 2783 rerum
889 2720 1128 2805 proprietates,

159 2849 245 2914 quas
270 2830 442 2914 percipere
461 2838 615 2913 possunt,
639 2848 716 2893 cum
740 2827 861 2891 Animo
886 2816 1131 2893 communicare

159 2938 291 3012 valent,
314 2957 384 3002 non
403 2948 483 3002 ve'ro
505 2937 625 3001 Animo
646 2937 796 3001 indicare
815 2946 969 3022 possunt,
995 2938 1132 3023 quinam

158 3044 277 3111 harum
295 3067 404 3110 rerum
421 3047 456 3110 in
476 3067 598 3132 corpus
615 3046 678 3111 sint
695 3045 847 3129 effectus,
872 3048 954 3122 nec,
980 3047 1006 3111 si
1025 3067 1129 3132 quae·

161 3154 240 3221 dam
264 3177 316 3221 res
335 3156 371 3221 in
391 3176 513 3240 corpus
532 3166 653 3243 agunt,
676 3155 796 3222 Animo
814 3157 967 3226 nuntiare
985 3167 1127 3243 queunt,
1226 3212 1229 3225 .

160 3275 272 3329 utrum
288 3264 350 3328 hae
368 3288 421 3330 res
439 3267 575 3359 corpori
592 3266 656 3331 sint
674 3267 784 3344 utiles,
810 3266 1006 3342 annoxiae,
1019 3277 1130 3331 utrum
1197 3254 1199 3259 ¹

159 3374 209 3455 itti
227 3375 401 3460 placeant,
425 3398 468 3440 an
495 3378 613 3462 secus?
634 3412 678 3423 —
699 3374 874 3441 Dareium
899 3385 1062 3462 aspectu,
1088 3376 1131 3440 de

160 3505 264 3561 sono,
298 3496 399 3572 atque
426 3487 531 3551 odore
561 3507 622 3550 nos
643 3476 851 3552 solummodo
872 3487 1028 3553 certiores
1045 3486 1129 3550 iaci-

159 3602 221 3656 unt
248 3590 282 3656 hi
308 3591 417 3670 nervi,
452 3606 484 3679 et
510 3593 588 3660 hinc
615 3617 665 3660 res
684 3596 771 3681 ipsas
794 3595 1045 3682 quodammodo
1076 3591 1143 3657 di-'

156 3700 313 3788 judicare
349 3704 460 3780 iicet,¹
491 3705 625 3770 minime
659 3727 739 3771 vero
765 3706 838 3791 ipso
868 3705 983 3769 Neruo
1014 3694 1129 3788 optz'co

112 3836 114 3840 ·
160 3810 317 3875 sentimus
346 3811 563 3878 irritationem
598 3815 701 3878 nimio
740 3813 861 3879 lumine
895 3821 1019 3886 ortam;
1059 3830 1129 3896 non

160 3929 209 3984 cst
244 3918 381 4001 Neroua
413 3926 592 3987 causticae
624 3924 669 3998 is,1
705 3942 775 4008 quo
804 3920 986 4006 percipitur
1012 3918 1128 3995 dolor,

253 4037 257 4044 '
972 4029 1019 4092 9*
1091 4088 1094 4093 .
