2596 4718
638 371 699 436 toa

184 553 346 617 Permulta
363 552 449 621 enim
465 550 611 634 exempla
627 548 750 634 ubique
762 529 938 632 reperimus
953 549 1136 630 hominum,

187 662 245 747 qui
265 682 328 746 pro
353 659 459 724 lubitu
476 659 637 743 lacrymas
657 656 793 735 sundere
810 657 931 722 valent.
975 657 1139 746 Cujusrei

176 769 341 844 ¹inoausa
364 788 430 837 esse
449 766 596 842 videtur,
620 765 714 852 quod
732 766 904 849 seoretioni
919 768 1138 853 laerymarum

182 883 312 962 praeest
338 896 455 941 nervus
484 874 529 938 ad
557 873 739 939 Animalem
766 874 875 945 Vitam
895 863 1069 960 pertinens.
1094 912 1138 927 --

184 985 306 1049 Forsan
323 984 408 1071 quis
437 982 588 1069 objiciet,
609 983 747 1059 ¹multas
769 969 891 1067 ‘peragi
927 986 1137 1064 secretiones,

164 1090 296 1179 ',(quod
316 1085 451 1177 quidem
475 1090 562 1169 inira
583 1089 719 1175 probari
739 1088 914 1178 conabor),
940 1111 1003 1176 ope
1020 1115 1137 1161 nervos

180 1221 255 1269 rum
284 1201 379 1271 Vitae
401 1199 577 1285 Animalia,
609 1218 697 1285 quae
724 1208 833 1264 tamen
850 1202 943 1265 nullo
960 1203 1061 1268 modo
1077 1224 1137 1271 ro·

180 1310 300 1385 luntati
328 1308 495 1396 suirjoetae
522 1318 608 1373 sunt.
651 1308 740 1374 Haeo
766 1329 843 1374 vero
867 1309 1013 1396 objectio
1042 1312 1140 1380 facile

182 1419 358 1496 refutatum
386 1438 465 1482 nam
488 1417 637 1504 quamvis
663 1406 908 1498 contendimus,
934 1418 1138 1517 iunetiones,
1251 1470 1257 1479 .

172 1527 216 1613 'in
233 1547 316 1614 quas
332 1526 484 1591 voluntas
502 1545 657 1610 magnam
670 1524 736 1617 vim
756 1535 921 1603 excercet,
946 1529 1139 1607 animalibus

181 1635 250 1721 regi
285 1635 408 1713 nervis,
448 1632 565 1697 exinde
593 1632 741 1696 nondum
771 1628 1036 1699 concludendum
1069 1650 1135 1716 est,

162 1763 294 1826 omnes
329 1741 529 1819 functiones,
569 1739 701 1825 quibus
720 1740 812 1807 nervi
846 1751 903 1813 aut
930 1743 1056 1835 cerebri
1081 1756 1139 1812 aut

181 1850 343 1917 Medullae
367 1849 500 1935 spinalis
518 1857 690 1933 praesunt,
714 1867 734 1910 a
754 1848 923 1913 voluntate
942 1849 1138 1936 dependere.

223 1959 385 2045 Equidem
405 1959 518 2045 itaque
539 1956 639 2042 plane
658 1978 847 2042 persuasum
872 1956 998 2037 babeo,
1029 1962 1138 2040 Nvlssr
1202 1981 1206 1990 ¹

174 2067 360 2153 -crymalem
382 2064 545 2130 functioni
564 2065 659 2132 Vitae
677 2063 860 2150 Organioae
879 2072 1039 2150 praedare.
1072 2116 1075 2121 -

215 2176 257 2251 ,2.
301 2163 439 2240 Nervae
458 2173 771 2261 etltmotdalastam
782 2173 922 2241 decursu
937 2197 1015 2256 suo,
1035 2199 1138 2265 quam

182 2281 412 2349 distributione
428 2292 602 2360 monstrat,
626 2303 661 2346 se
679 2283 856 2367 organicae
875 2289 1023 2368 praeisse
1042 2287 1139 2353 fune.

186 2384 286 2472 noni,
318 2391 488 2457 secretioni
515 2391 642 2461 scilieet
669 2391 877 2456 membranae
897 2413 1050 2461 morosae
1070 2397 1141 2464 nasi

182 2511 216 2566 et
242 2500 450 2587 quorundam
475 2500 575 2586 ipsius
595 2501 733 2575 sinuum
779 2501 814 2564 Si
831 2502 916 2566 enim
935 2504 1157 2582 solummodo·
1243 2507 1249 2529 ⁸

180 2609 359 2674 sensationi
391 2609 462 2673 nasi
495 2609 676 2688 inserviret,
718 2608 772 2688 eui
798 2607 888 2672 bono
914 2610 1016 2689 foret,
1046 2616 1141 2700 quod
1181 2615 1184 2621 ’
1231 2688 1233 2693 ,

185 2717 321 2803 quidam
355 2716 455 2801 ipsius
492 2717 609 2779 ramuli
647 2718 682 2779 in
715 2738 865 2801 suprema
893 2712 963 2782 nasi
990 2720 1140 2786 caritatis
1168 2710 1172 2718 ²

133 2842 137 2851 ·
183 2834 278 2911 parte
311 2824 548 2889 terminantur?
589 2824 752 2913 Ipsorum,
766 2825 861 2913 ‘enim
892 2814 1077 2910 distributio
1096 2820 1139 2893 in

160 2941 161 2945 ’
182 2933 294 2998 infima
319 2935 389 2999 nasi
409 2918 503 3019 parte
522 2932 657 3008 suffieit,
680 2942 716 2997 ut
730 2931 971 3018 prohibeatur,
995 2957 1037 3000 ne
1056 2956 1138 3002 naso

183 3043 318 3106 noxium
339 3041 421 3128 quid
441 3041 644 3104 immittatur.

227 3152 362 3218 sivero
392 3150 576 3215 observatio
604 3150 651 3216 ct.
682 3138 994 3237 aanonnarcrn'ss)
1017 3155 1138 3218 confir·

182 3270 306 3337 metur,
331 3281 457 3324 ramum
477 3259 573 3324 Nervi
594 3257 798 3323 ethmoidalis
815 3261 919 3323 sinum
938 3260 1028 3326 adire
1047 3264 1138 3328 fron·
1179 3246 1182 3253 ¹

183 3369 302 3445 talem,
336 3379 416 3433 tune
445 3377 534 3432 certe
561 3367 671 3430 ultiori
700 3386 811 3432 carere
841 3389 1010 3454 possumus
1041 3394 1138 3461 argu·
1233 3402 1235 3407 2
1280 3355 1282 3361 Ι

182 3489 310 3554 mento,
333 3498 468 3542 nervum
485 3476 576 3572 illum
595 3477 770 3562 organicae
790 3477 951 3544 functioni
972 3487 1135 3566 praeiisse,

214 3853 255 3926 (1)
275 3836 496 3920 bitterrenses,
525 3857 615 3909 leones
641 3858 840 3922 neurotogtcae,
875 3857 947 3910 Fare.
986 3857 1041 3910 111.
1073 3857 1140 3912 Tab.

274 3935 369 3989 xxti.
388 3937 443 4006 Fig.
464 3939 487 3990 2.
508 3941 531 3990 3.
549 3967 583 3981 -
600 3942 787 4005 Nervenlebre,
806 3958 863 4007 pag.
881 3943 925 3993 66.
