2596 4718
230 372 251 415 X

225 555 292 600 ‚vos
321 531 523 623 appellasse
549 550 667 598 nervos
695 534 887 599 sensationis
913 545 948 600 et
973 534 1037 603 hoa
1059 538 1201 608 nomine

226 652 335 738 nervis
355 649 465 716 sensis
487 650 665 736 peculiaris
686 654 767 717 item
789 657 1008 740 opposuisse.

254 889 469 978 Antequam
489 910 571 953 uero
588 888 639 952 ad
653 896 778 952 metam
795 893 834 952 in
852 887 916 954 hoa
934 892 1051 955 stadio
1065 914 1200 980 propo·

226 1013 333 1074 ez'tam
350 1009 531 1083 acaedam,
554 1007 754 1093 studiisque
772 1003 989 1088 Academicis
1008 978 1092 1072 meis
1101 1008 1200 1094 finis

133 1168 136 1189 2
226 1131 446 1214 imponatur,
482 1123 590 1211 officii
615 1125 684 1186 mei
703 1127 863 1189 rationes
886 1126 926 1188 id
945 1148 967 1188 a
988 1149 1040 1190 me
1057 1131 1205 1212 praeai=

220 1266 294 1331 pue
310 1243 500 1330 postulare
519 1245 591 1306 saio
618 1250 653 1305 et
680 1245 810 1319 sentio,
836 1252 876 1307 ut
902 1266 954 1307 me
970 1248 1100 1330 pausis
1124 1244 1199 1307 sal-

217 1375 295 1430 tem
307 1364 421 1428 uerbis
433 1383 510 1426 oum
530 1361 581 1424 ad
599 1365 789 1446 maqistros
811 1384 920 1439 meos,
947 1371 1020 1426 tum
1039 1362 1089 1425 ad
1106 1360 1202 1424 alios

214 1482 392 1570 fautores*
408 1488 443 1546 et
464 1483 594 1543 amicos
616 1500 709 1543 meos
729 1489 946 1555 convertam,
979 1479 1105 1566 quibus
1128 1501 1201 1541 om·

225 1592 329 1666 nibus
349 1607 402 1664 tot
421 1607 456 1662 et
478 1606 583 1661 tanta
606 1619 657 1660 me
680 1596 802 1660 debere
825 1597 922 1660 ultro
938 1595 1124 1683 profiteor,

233 1802 236 1807 ι
267 1717 427 1785 Primum
445 1719 558 1801 iqitur
576 1715 673 1796 Vobis
691 1721 835 1799 pratum
854 1699 1009 1779 animum
1029 1712 1205 1798 testificor

222 1837 472 1902 eruditissimis
495 1816 770 1918 Philosopln'eae
795 1839 831 1895 et
855 1832 1014 1896 Medicas
1032 1829 1200 1916 faculta-

220 1956 269 2016 tis
296 1945 570 2032 Professoribus
600 1947 811 2006 Academiae
846 1945 1078 2026 Hasniensis‚
1116 1968 1204 2031 qno·

219 2091 297 2134 rum
334 2067 559 2128 institutione
586 2058 676 2145 frui
711 2058 799 2122 mihi
831 2065 995 2146 oontiqit‚
1033 2085 1199 2149 quorum-

223 2207 290 2274 que
309 2184 473 2247 doatmna
499 2179 612 2242 abonis
633 2186 811 2242 terrarum
835 2182 940 2243 nemis
963 2185 1105 2267 aoqnita
1127 2191 1198 2260 est,
1241 2179 1243 2183 ’

220 2326 326 2392 quam
344 2309 385 2364 ut
409 2298 478 2361 illa
506 2319 578 2361 meo
603 2299 798 2382 praeconio
828 2299 1006 2382 endiqeat,
1032 2307 1065 2362 et
1094 2302 1203 2363 nimis

219 2443 368 2507 nuqua,
395 2439 502 2505 quam
530 2422 571 2478 ut
599 2436 661 2498 eqo
692 2436 767 2478 eam
785 2436 855 2501 pro
885 2418 1021 2479 meritis
1049 2416 1199 2483 laudare

244 2560 369 2603 usam.¹

219 2561 497 2741 antes‘iqitnr
516 2652 580 2718 hoa
601 2653 676 2716 loco
698 2655 762 2730 sit,
791 2653 917 2741 palam
931 2652 1114 2740 profiteri,
1149 2677 1202 2720 mo

94 2761 102 2783 ⁸
173 2836 174 2841 ,
217 2773 259 2838 it
299 2794 436 2858 semper
473 2775 512 2834 in
553 2774 707 2834 maxima
735 2768 933 2855 felicitatis
965 2795 1061 2836 meae
1091 2780 1200 2859 parte

219 2888 420 2953 habiturum
441 2911 533 2965 esse,
552 2877 657 2974 quod
682 2888 725 2950 ab
753 2887 980 2951 Doctissimis
1017 2889 1121 2965 Vim's,
1155 2905 1195 2954 Η.

221 3021 402 3082 unusual),
444 3021 665 3082 HERHOLDT,
705 3021 891 3070 JACOBSON
912 3014 957 3070 'el
987 3023 1202 3074 ESGHRJCHT,

218 3128 416 3191 certissima
454 3122 715 3189 benevolentiae
733 3134 736 3140 '
753 3133 787 3189 et
821 3125 1055 3190 humanitatis
1090 3128 1198 3191 docu-

215 3251 334 3307 menta
359 3243 463 3305 toties
488 3245 691 3326 acceperim.
739 3243 937 3307 Vestrorum
963 3247 1076 3330 iqitur
1092 3244 1198 3310 bene-¹

208 3357 378 3445 fitiorum
417 3361 617 3423 memoriam
655 3382 793 3447 semper
822 3366 1027 3447 qratissimo
1052 3371 1197 3449 pectore

217 3477 411 3563 usurpabo,
444 3499 507 3541 nea
534 3478 726 3564 quidquam
752 3464 909 3566 unquam
932 3485 1044 3567 maqis
1058 3481 1196 3566 jucun«
1266 3495 1268 3498 ’

218 3593 300 3657 dnm
330 3602 365 3659 et
393 3603 551 3681 optatum
582 3595 669 3659 mihi
689 3600 772 3673 erit,
808 3621 929 3685 quam,
958 3602 1085 3685 quavis
1106 3597 1195 3677 datis

218 3711 501 3799 opportunitate,
528 3723 562 3778 et
582 3715 696 3778 verbis
721 3723 755 3778 et
765 3712 885 3799 fastis
907 3719 1089 3781 ostendere
1105 3736 1201 3801 poss

217 3853 273 3906 se,
298 3833 429 3918 quanti
451 3832 514 3895 Vos
535 3834 731 3908 aestimem,
759 3836 955 3918 quantique
969 3837 1084 3919 pretii
1115 3831 1194 3896 Ves-

217 3953 275 4017 tra
298 3953 335 4016 in
360 3971 411 4014 me
434 3951 567 4021 collata
582 3949 760 4041 ‘beneficia
782 3951 918 4020 ducam.
