2596 4718
671 382 732 451 184

252 588 289 629 π.
325 559 450 627 Ramus
470 563 625 629 lateralis.

254 670 288 739 ε’.
322 708 453 722 -—-
471 675 642 761 princeps,
681 677 742 763 qui
780 678 957 743 cavitatem
1000 679 1187 749 abdominis

466 788 552 863 adit,
577 796 614 850 ut
635 788 672 851 in
692 789 854 853 intestinis
876 790 1102 869 distribuatur.

251 921 285 977 φ.
318 929 451 949 --·-—
466 897 633 961 musculos
655 898 801 985 laryngis
824 900 948 965 adiens.

247 1033 284 1071 ω.
311 1008 526 1093 ——qui
557 1007 617 1071 sub
647 1008 747 1072 axilla
773 1011 987 1076 extremitatis
1013 1014 1185 1078 anterioris

467 1127 576 1182 cutem
598 1119 692 1204 petit.

248 1241 277 1295 *.
316 1266 448 1279 ---
465 1231 510 1294 ad
531 1239 642 1293 autem
665 1231 794 1316 eapitis.

248 1339 449 1426 '¹'¹.,--—
464 1376 509 1386 -
527 1350 684 1426 quartum
705 1339 935 1407 branchialem
959 1365 1085 1409 areum.

248 1457 293 1515 m.
305 1488 448 1529 ,--
464 1450 660 1513 -tertium
682 1450 910 1517 branchialem
933 1473 1059 1518 arcum.

247 1562 275 1627 ¹¹.
316 1596 448 1610 ---
463 1597 508 1607 -
526 1561 710 1625 secundum
730 1559 959 1627 branchialem
982 1585 1107 1629 arcum.

246 1694 298 1739 vv.
315 1706 448 1721 ---
465 1669 785 1758 glossopharyngeus
828 1669 1027 1758 (ouvraau),
1066 1695 1084 1737 e
1113 1695 1204 1761 quo,

466 1781 572 1844 oritur
864 1787 868 1797 “
1111 1769 1114 1775 ’

246 1898 268 1956 ‘.
314 1927 445 1939 ---
465 1890 510 1955 ad
534 1891 677 1976 primum
702 1890 931 1957 branchialem
957 1915 1087 1972 arcum,
1123 1897 1183 1981 qui
1237 1877 1240 1881 7

466 1985 501 2065 in
522 2001 691 2087 principio
712 2023 780 2066 sese
798 2003 910 2089 jungit
935 2025 1011 2068 cum

244 2124 268 2176 ⁰.
315 2113 425 2178 Remo
448 2111 681 2198 quinti'Parie.
777 2156 793 2169 ,Α

312 2224 384 2289 Fm.
410 2221 469 2291 Vl.

242 2333 438 2398 Distributio
469 2333 510 2397 N.
546 2332 631 2417 Vagi
659 2331 694 2394 in
729 2331 845 2396 Perea
871 2330 1058 2416 fluviatili
1082 2333 1181 2420 juxta

201 2464 404 2518 ouvraaruu,
428 2439 601 2528 (Historia
624 2443 802 2506 naturalle
825 2443 887 2506 dea
910 2443 1115 2531 Porsenna).

244 2552 369 2616 Eadem
401 2552 494 2639 signa
523 2551 658 2616 eosdem
679 2551 737 2616 hlo
766 2553 918 2618 indicant
946 2572 1056 2617 ramos
1085 2557 1182 2621 acin

199 2662 308 2748 figura
337 2662 564 2749 praecedenti.
604 2661 731 2726 Ramus
751 2661 1072 2750 glossopharyngeua
1095 2663 1180 2752 (vv.)

197 2793 277 2836 cum
289 2774 408 2858 quinto
419 2771 497 2835 Pari
508 2770 600 2834 haud
612 2772 770 2856 copulam
779 2772 851 2836 init.
874 2771 940 2835 Sed
946 2793 1057 2836 ramus
1066 2775 1162 2838 adest
1169 2784 1183 2853 ‚'

241 2890 276 2945 θ.
311 2882 370 2968 qui
390 2903 466 2946 oum
485 2881 615 2944 ramulo
631 2883 653 2944 5
670 2880 762 2944 Paris
780 2881 995 2968 conjunctus,
1022 2883 1067 2947 ad
1082 2883 1179 2948 basin

309 2992 486 3076 pinnarum
503 2990 683 3054 dorsalium
696 2990 818 3054 lineam
837 2991 984 3056 decurrit
1000 2993 1179 3059 dorsalem.

324 3204 361 3256 Hi
371 3205 438 3257 rami
453 3204 579 3256 delineati
592 3202 656 3256 huic
671 3203 777 3255 tabulae
790 3205 846 3272 jam
855 3203 979 3257 destinati
988 3211 1079 3271 erant,
1098 3223 1186 3274 quum

265 3338 268 3350 ,
290 3289 361 3341 forte
379 3288 551 3341 amicissimus
560 3287 613 3339 Dr.
626 3301 775 3352 unauna,
793 3288 842 3356 qni
861 3295 890 3338 ut
906 3305 984 3356 supra
999 3290 1054 3357 jam
1070 3291 1185 3355 monui,

289 3393 332 3427 me
351 3375 455 3440 inscio,
475 3374 556 3426 etiam
572 3373 673 3424 Ranam
689 3372 851 3440 paradoxum
868 3372 1091 3441 investigaverat,
1111 3374 1186 3425 deli-

288 3458 439 3511 neationem
454 3442 522 3509 mihi
540 3456 658 3510 ostendit
672 3456 815 3509 Ramorum
831 3455 869 3509 N.
878 3455 947 3526 Vagi
961 3458 991 3509 in
1001 3454 1109 3526 Gyrino
1124 3458 1185 3509 Ra-

287 3557 338 3593 nae
357 3541 509 3610 paradoxae
526 3540 584 3593 lere
600 3540 732 3595 evolutae.
768 3539 843 3592 Hane
867 3539 1088 3607 delineationem,
1114 3560 1185 3610 quae

289 3631 470 3695 repraesentat
486 3640 576 3676 omnes
594 3621 632 3676 N.
648 3622 719 3692 vagi
736 3624 867 3691 ramulos,
882 3641 997 3693 quornm
1008 3623 1185 3676 distributio-

288 3726 349 3761 nem
374 3708 486 3778 propria
509 3707 709 3778 investigatione
732 3707 841 3759 omnino
871 3707 1057 3763 confirmatam
1076 3705 1183 3773 haheo,

289 3809 417 3848 concessu
434 3792 531 3862 amici,
557 3793 619 3845 loco
635 3791 821 3845 delineationis
840 3811 919 3865 snpra
937 3801 1116 3862 memoratae,
1136 3793 1184 3847 hle

284 3876 361 3929 sisto.

607 4043 766 4073 ...ι-φ..-
