<?xml version="1.0" encoding="UTF-8"?>
<!DOCTYPE html PUBLIC "-//W3C//DTD XHTML 1.0 Transitional//EN"
    "http://www.w3.org/TR/xhtml1/DTD/xhtml1-transitional.dtd">
<html xmlns="http://www.w3.org/1999/xhtml" xml:lang="en" lang="en">
 <head>
  <title>
</title>
<meta http-equiv="Content-Type" content="text/html;charset=utf-8" />
  <meta name='ocr-system' content='tesseract 3.04.00' />
  <meta name='ocr-capabilities' content='ocr_page ocr_carea ocr_par ocr_line ocrx_word'/>
</head>
<body>
  <div class='ocr_page' id='page_1' title='image "./disquisitiophys00deengoog_0096.png"; bbox 0 0 2596 4718; ppageno 0'>
   <div class='ocr_carea' id='block_1_1' title="bbox 298 912 910 1058">
    <p class='ocr_par' dir='ltr' id='par_1_1' title="bbox 298 912 910 1058">
     <span class='ocr_line' id='line_1_1' title="bbox 298 912 910 1058; baseline -0.026 -13"><span class='ocrx_word' id='word_1_1' title='bbox 298 924 301 931; x_wconf 81' lang='grc'><strong>’</strong></span> <span class='ocrx_word' id='word_1_2' title='bbox 388 935 568 1044; x_wconf 77' lang='lat' dir='ltr'><strong>cnrur</strong></span> <span class='ocrx_word' id='word_1_3' title='bbox 610 912 910 1058; x_wconf 68' lang='lat' dir='ltr'><strong>manaan,</strong></span> 
     </span>
    </p>
   </div>
   <div class='ocr_carea' id='block_1_2' title="bbox 252 1178 1042 1376">
    <p class='ocr_par' dir='ltr' id='par_1_2' title="bbox 252 1178 1042 1376">
     <span class='ocr_line' id='line_1_2' title="bbox 252 1178 1042 1278; baseline -0.009 -13"><span class='ocrx_word' id='word_1_4' title='bbox 252 1211 319 1278; x_wconf 81' lang='lat' dir='ltr'><strong>oro</strong></span> <span class='ocrx_word' id='word_1_5' title='bbox 331 1206 560 1264; x_wconf 73' lang='lat' dir='ltr'><strong>marsnam</strong></span> <span class='ocrx_word' id='word_1_6' title='bbox 575 1202 814 1261; x_wconf 62' lang='lat' dir='ltr'><strong>crassescens</strong></span> <span class='ocrx_word' id='word_1_7' title='bbox 831 1178 904 1258; x_wconf 80' lang='lat' dir='ltr'><strong>aser</strong></span> <span class='ocrx_word' id='word_1_8' title='bbox 918 1206 1042 1259; x_wconf 77' lang='lat' dir='ltr'><strong>naevos</strong></span> 
     </span>
     <span class='ocr_line' id='line_1_3' title="bbox 487 1314 801 1376; baseline -0.016 0"><span class='ocrx_word' id='word_1_9' title='bbox 487 1314 589 1376; x_wconf 76' lang='lat' dir='ltr'><strong>man</strong></span> <span class='ocrx_word' id='word_1_10' title='bbox 602 1316 801 1373; x_wconf 56' lang='lat' dir='ltr'><strong>emancari</strong></span> 
     </span>
    </p>
   </div>
   <div class='ocr_carea' id='block_1_3' title="bbox 571 1603 730 1632">
    <p class='ocr_par' dir='ltr' id='par_1_3' title="bbox 571 1603 730 1632">
     <span class='ocr_line' id='line_1_4' title="bbox 571 1603 730 1632; baseline -0.006 0"><span class='ocrx_word' id='word_1_11' title='bbox 571 1603 730 1632; x_wconf 50' lang='lat'><strong>⁴003·-</strong></span> 
     </span>
    </p>
   </div>
   <div class='ocr_carea' id='block_1_4' title="bbox 47 1801 1171 4023">
    <p class='ocr_par' dir='ltr' id='par_1_4' title="bbox 232 1801 1126 1950">
     <span class='ocr_line' id='line_1_5' title="bbox 232 1801 1126 1950; baseline 0.004 -26"><span class='ocrx_word' id='word_1_12' title='bbox 232 1801 329 1928; x_wconf 75' lang='lat' dir='ltr'><strong>Jam</strong></span> <span class='ocrx_word' id='word_1_13' title='bbox 348 1859 393 1925; x_wconf 87' lang='lat' dir='ltr'><strong>ad</strong></span> <span class='ocrx_word' id='word_1_14' title='bbox 412 1881 468 1925; x_wconf 91' lang='lat' dir='ltr'><strong>eos</strong></span> <span class='ocrx_word' id='word_1_15' title='bbox 483 1881 600 1926; x_wconf 88' lang='lat' dir='ltr'><strong>nervos</strong></span> <span class='ocrx_word' id='word_1_16' title='bbox 620 1859 840 1948; x_wconf 82' lang='lat' dir='ltr'><strong>pervenimus,</strong></span> <span class='ocrx_word' id='word_1_17' title='bbox 865 1859 925 1948; x_wconf 89' lang='lat' dir='ltr'><strong>qui</strong></span> <span class='ocrx_word' id='word_1_18' title='bbox 944 1859 1126 1950; x_wconf 76' lang='lat' dir='ltr'><strong>Organicee</strong></span> 
     </span>
    </p>

    <p class='ocr_par' dir='ltr' id='par_1_5' title="bbox 47 1968 1163 2061">
     <span class='ocr_line' id='line_1_6' title="bbox 47 1968 1163 2061; baseline 0.004 -27"><span class='ocrx_word' id='word_1_19' title='bbox 47 2053 53 2061; x_wconf 28' lang='grc' dir='ltr'><strong><em>ι</em></strong></span> <span class='ocrx_word' id='word_1_20' title='bbox 165 1971 261 2040; x_wconf 80' lang='lat' dir='ltr'><strong>Vitae</strong></span> <span class='ocrx_word' id='word_1_21' title='bbox 285 1968 524 2034; x_wconf 79' lang='lat' dir='ltr'><strong>Functionibus</strong></span> <span class='ocrx_word' id='word_1_22' title='bbox 552 1980 733 2056; x_wconf 87' lang='lat' dir='ltr'><strong>praesunt,</strong></span> <span class='ocrx_word' id='word_1_23' title='bbox 757 1970 800 2035; x_wconf 89' lang='lat' dir='ltr'><strong>de</strong></span> <span class='ocrx_word' id='word_1_24' title='bbox 826 1969 945 2056; x_wconf 89' lang='lat' dir='ltr'><strong>quihus</strong></span> <span class='ocrx_word' id='word_1_25' title='bbox 965 1971 1065 2038; x_wconf 89' lang='lat' dir='ltr'><strong>nobis</strong></span> <span class='ocrx_word' id='word_1_26' title='bbox 1082 1982 1126 2038; x_wconf 84' lang='lat' dir='ltr'><strong>est</strong></span> <span class='ocrx_word' id='word_1_27' title='bbox 1158 2008 1163 2017; x_wconf 91' lang='lat'><strong>·</strong></span> 
     </span>
    </p>

    <p class='ocr_par' dir='ltr' id='par_1_6' title="bbox 55 2076 1171 2387">
     <span class='ocr_line' id='line_1_7' title="bbox 55 2076 1171 2166; baseline 0.001 -21"><span class='ocrx_word' id='word_1_28' title='bbox 55 2132 57 2136; x_wconf 57' lang='grc'>,</span> <span class='ocrx_word' id='word_1_29' title='bbox 166 2081 473 2155; x_wconf 90' lang='lat' dir='ltr'><strong>demonstrandum,</strong></span> <span class='ocrx_word' id='word_1_30' title='bbox 505 2081 637 2166; x_wconf 88' lang='lat' dir='ltr'><strong>utrique</strong></span> <span class='ocrx_word' id='word_1_31' title='bbox 663 2079 759 2148; x_wconf 80' lang='lat' dir='ltr'><strong>Vitae</strong></span> <span class='ocrx_word' id='word_1_32' title='bbox 776 2077 961 2166; x_wconf 77' lang='lat' dir='ltr'><strong>organicae</strong></span> <span class='ocrx_word' id='word_1_33' title='bbox 981 2078 1126 2166; x_wconf 86' lang='lat' dir='ltr'><strong>phaeno·</strong></span> <span class='ocrx_word' id='word_1_34' title='bbox 1167 2076 1171 2088; x_wconf 88' lang='lat'>&#39;</span> 
     </span>
     <span class='ocr_line' id='line_1_8' title="bbox 166 2187 1129 2277; baseline 0.002 -24"><span class='ocrx_word' id='word_1_35' title='bbox 166 2210 279 2265; x_wconf 90' lang='lat' dir='ltr'><strong>meno,</strong></span> <span class='ocrx_word' id='word_1_36' title='bbox 308 2187 425 2277; x_wconf 91' lang='lat' dir='ltr'><strong>(motui</strong></span> <span class='ocrx_word' id='word_1_37' title='bbox 453 2189 579 2254; x_wconf 88' lang='lat' dir='ltr'><strong>scilicet</strong></span> <span class='ocrx_word' id='word_1_38' title='bbox 610 2187 769 2274; x_wconf 77' lang='lat' dir='ltr'><strong>organico</strong></span> <span class='ocrx_word' id='word_1_39' title='bbox 796 2198 896 2276; x_wconf 87' lang='lat' dir='ltr'><strong>atque</strong></span> <span class='ocrx_word' id='word_1_40' title='bbox 921 2191 1129 2255; x_wconf 83' lang='lat' dir='ltr'><strong>materiarum</strong></span> 
     </span>
     <span class='ocr_line' id='line_1_9' title="bbox 162 2297 1128 2387; baseline -0.001 -22"><span class='ocrx_word' id='word_1_41' title='bbox 162 2297 428 2387; x_wconf 79' lang='lat' dir='ltr'><strong>permutationi),</strong></span> <span class='ocrx_word' id='word_1_42' title='bbox 461 2297 595 2363; x_wconf 88' lang='lat' dir='ltr'><strong>unicum</strong></span> <span class='ocrx_word' id='word_1_43' title='bbox 620 2306 747 2361; x_wconf 90' lang='lat' dir='ltr'><strong>tantum</strong></span> <span class='ocrx_word' id='word_1_44' title='bbox 774 2317 949 2367; x_wconf 81' lang='lat' dir='ltr'><strong>nervorum</strong></span> <span class='ocrx_word' id='word_1_45' title='bbox 980 2298 1128 2364; x_wconf 84' lang='lat' dir='ltr'><strong>ordinem</strong></span> 
     </span>
    </p>

    <p class='ocr_par' dir='ltr' id='par_1_7' title="bbox 70 2409 1167 2928">
     <span class='ocr_line' id='line_1_10' title="bbox 70 2409 1167 2475; baseline 0 -2"><span class='ocrx_word' id='word_1_46' title='bbox 70 2430 73 2434; x_wconf 63' lang='grc'>“</span> <span class='ocrx_word' id='word_1_47' title='bbox 164 2409 329 2475; x_wconf 78' lang='lat' dir='ltr'><strong>inservire.</strong></span> <span class='ocrx_word' id='word_1_48' title='bbox 1164 2412 1167 2417; x_wconf 84' lang='grc'><strong>’</strong></span> 
     </span>
     <span class='ocr_line' id='line_1_11' title="bbox 206 2515 1128 2604; baseline 0 -22"><span class='ocrx_word' id='word_1_49' title='bbox 206 2519 283 2604; x_wconf 86' lang='lat' dir='ltr'><strong>Ipse</strong></span> <span class='ocrx_word' id='word_1_50' title='bbox 311 2537 411 2595; x_wconf 83' lang='lat' dir='ltr'><strong>voce,</strong></span> <span class='ocrx_word' id='word_1_51' title='bbox 444 2523 557 2581; x_wconf 80' lang='lat' dir='ltr'><strong>motas</strong></span> <span class='ocrx_word' id='word_1_52' title='bbox 588 2519 796 2603; x_wconf 73' lang='lat' dir='ltr'><strong>organicus,</strong></span> <span class='ocrx_word' id='word_1_53' title='bbox 815 2516 888 2603; x_wconf 85' lang='lat' dir='ltr'><strong>jam</strong></span> <span class='ocrx_word' id='word_1_54' title='bbox 906 2515 1007 2604; x_wconf 88' lang='lat' dir='ltr'><strong>hujus</strong></span> <span class='ocrx_word' id='word_1_55' title='bbox 1021 2526 1128 2582; x_wconf 86' lang='lat' dir='ltr'><strong>motus</strong></span> 
     </span>
     <span class='ocr_line' id='line_1_12' title="bbox 104 2624 1130 2715; baseline -0.004 -23"><span class='ocrx_word' id='word_1_56' title='bbox 104 2629 108 2636; x_wconf 86' lang='lat'><em>&#39;</em></span> <span class='ocrx_word' id='word_1_57' title='bbox 166 2627 324 2715; x_wconf 75' lang='lat' dir='ltr'><strong>dignitas,</strong></span> <span class='ocrx_word' id='word_1_58' title='bbox 354 2624 522 2703; x_wconf 84' lang='lat' dir='ltr'><strong>conditio,</strong></span> <span class='ocrx_word' id='word_1_59' title='bbox 558 2634 591 2688; x_wconf 89' lang='lat' dir='ltr'><strong>ct</strong></span> <span class='ocrx_word' id='word_1_60' title='bbox 618 2625 694 2689; x_wconf 89' lang='lat' dir='ltr'><strong>finis</strong></span> <span class='ocrx_word' id='word_1_61' title='bbox 714 2624 920 2711; x_wconf 70' lang='lat' dir='ltr'><strong>exprimitur,</strong></span> <span class='ocrx_word' id='word_1_62' title='bbox 944 2630 1056 2690; x_wconf 85' lang='lat' dir='ltr'><strong>motus</strong></span> <span class='ocrx_word' id='word_1_63' title='bbox 1076 2624 1130 2689; x_wconf 91' lang='lat' dir='ltr'><strong>ille</strong></span> 
     </span>
     <span class='ocr_line' id='line_1_13' title="bbox 162 2733 1129 2825; baseline -0.003 -23"><span class='ocrx_word' id='word_1_64' title='bbox 162 2738 289 2825; x_wconf 81' lang='lat' dir='ltr'><strong>absque</strong></span> <span class='ocrx_word' id='word_1_65' title='bbox 307 2733 464 2801; x_wconf 90' lang='lat' dir='ltr'><strong>materiae</strong></span> <span class='ocrx_word' id='word_1_66' title='bbox 481 2735 722 2820; x_wconf 87' lang='lat' dir='ltr'><strong>permutatione</strong></span> <span class='ocrx_word' id='word_1_67' title='bbox 739 2733 830 2799; x_wconf 88' lang='lat' dir='ltr'><strong>haud</strong></span> <span class='ocrx_word' id='word_1_68' title='bbox 847 2733 968 2812; x_wconf 85' lang='lat' dir='ltr'><strong>existit,</strong></span> <span class='ocrx_word' id='word_1_69' title='bbox 995 2734 1046 2799; x_wconf 90' lang='lat' dir='ltr'><strong>uti</strong></span> <span class='ocrx_word' id='word_1_70' title='bbox 1055 2754 1129 2820; x_wconf 88' lang='lat' dir='ltr'><strong>per·</strong></span> 
     </span>
     <span class='ocr_line' id='line_1_14' title="bbox 162 2842 1129 2928; baseline -0.005 -17"><span class='ocrx_word' id='word_1_71' title='bbox 162 2845 386 2920; x_wconf 74' lang='lat' dir='ltr'><strong>mutatioilla</strong></span> <span class='ocrx_word' id='word_1_72' title='bbox 414 2843 482 2908; x_wconf 90' lang='lat' dir='ltr'><strong>sine</strong></span> <span class='ocrx_word' id='word_1_73' title='bbox 510 2852 603 2906; x_wconf 90' lang='lat' dir='ltr'><strong>motu</strong></span> <span class='ocrx_word' id='word_1_74' title='bbox 631 2843 742 2907; x_wconf 87' lang='lat' dir='ltr'><strong>locum</strong></span> <span class='ocrx_word' id='word_1_75' title='bbox 761 2842 882 2908; x_wconf 85' lang='lat' dir='ltr'><strong>hahere</strong></span> <span class='ocrx_word' id='word_1_76' title='bbox 907 2862 1044 2928; x_wconf 87' lang='lat' dir='ltr'><strong>prorsus</strong></span> <span class='ocrx_word' id='word_1_77' title='bbox 1061 2861 1129 2908; x_wconf 92' lang='lat' dir='ltr'><strong>non</strong></span> 
     </span>
    </p>

    <p class='ocr_par' dir='ltr' id='par_1_8' title="bbox 161 2947 972 3041">
     <span class='ocr_line' id='line_1_15' title="bbox 161 2947 972 3041; baseline -0.004 -22"><span class='ocrx_word' id='word_1_78' title='bbox 161 2964 281 3041; x_wconf 90' lang='lat' dir='ltr'><strong>potest.</strong></span> <span class='ocrx_word' id='word_1_79' title='bbox 325 2953 417 3034; x_wconf 84' lang='lat' dir='ltr'><strong>Alter</strong></span> <span class='ocrx_word' id='word_1_80' title='bbox 437 2953 570 3017; x_wconf 86' lang='lat' dir='ltr'><strong>alterius</strong></span> <span class='ocrx_word' id='word_1_81' title='bbox 591 2962 637 3015; x_wconf 91' lang='lat' dir='ltr'><strong>est</strong></span> <span class='ocrx_word' id='word_1_82' title='bbox 657 2972 756 3016; x_wconf 87' lang='lat' dir='ltr'><strong>causa</strong></span> <span class='ocrx_word' id='word_1_83' title='bbox 774 2947 807 3037; x_wconf 73' lang='lat' dir='ltr'><strong>et</strong></span> <span class='ocrx_word' id='word_1_84' title='bbox 827 2952 972 3016; x_wconf 85' lang='lat' dir='ltr'><strong>effectus.</strong></span> 
     </span>
    </p>

    <p class='ocr_par' dir='ltr' id='par_1_9' title="bbox 161 3059 1131 3474">
     <span class='ocr_line' id='line_1_16' title="bbox 197 3059 1127 3149; baseline -0.002 -23"><span class='ocrx_word' id='word_1_85' title='bbox 197 3064 318 3149; x_wconf 75' lang='lat' dir='ltr'><strong>Longe</strong></span> <span class='ocrx_word' id='word_1_86' title='bbox 336 3062 402 3125; x_wconf 90' lang='lat' dir='ltr'><strong>alio</strong></span> <span class='ocrx_word' id='word_1_87' title='bbox 418 3062 520 3127; x_wconf 92' lang='lat' dir='ltr'><strong>modo</strong></span> <span class='ocrx_word' id='word_1_88' title='bbox 536 3060 721 3126; x_wconf 77' lang='lat' dir='ltr'><strong>functiones</strong></span> <span class='ocrx_word' id='word_1_89' title='bbox 739 3060 894 3125; x_wconf 90' lang='lat' dir='ltr'><strong>animales</strong></span> <span class='ocrx_word' id='word_1_90' title='bbox 909 3078 977 3124; x_wconf 85' lang='lat' dir='ltr'><strong>sese</strong></span> <span class='ocrx_word' id='word_1_91' title='bbox 988 3059 1127 3136; x_wconf 85' lang='lat' dir='ltr'><strong>habent,</strong></span> 
     </span>
     <span class='ocr_line' id='line_1_17' title="bbox 161 3168 1131 3257; baseline 0 -23"><span class='ocrx_word' id='word_1_92' title='bbox 161 3189 367 3257; x_wconf 85' lang='lat' dir='ltr'><strong>quamquam</strong></span> <span class='ocrx_word' id='word_1_93' title='bbox 386 3171 474 3235; x_wconf 88' lang='lat' dir='ltr'><strong>enirn</strong></span> <span class='ocrx_word' id='word_1_94' title='bbox 496 3179 622 3235; x_wconf 91' lang='lat' dir='ltr'><strong>motum</strong></span> <span class='ocrx_word' id='word_1_95' title='bbox 644 3191 774 3234; x_wconf 89' lang='lat' dir='ltr'><strong>omnem</strong></span> <span class='ocrx_word' id='word_1_96' title='bbox 792 3168 1017 3236; x_wconf 83' lang='lat' dir='ltr'><strong>voluntarium</strong></span> <span class='ocrx_word' id='word_1_97' title='bbox 1038 3189 1131 3234; x_wconf 88' lang='lat' dir='ltr'><strong>sensu</strong></span> 
     </span>
     <span class='ocr_line' id='line_1_18' title="bbox 161 3280 1129 3366; baseline -0.003 -21"><span class='ocrx_word' id='word_1_98' title='bbox 161 3280 332 3366; x_wconf 87' lang='lat' dir='ltr'><strong>percipere</strong></span> <span class='ocrx_word' id='word_1_99' title='bbox 359 3298 547 3365; x_wconf 90' lang='lat' dir='ltr'><strong>possumus,</strong></span> <span class='ocrx_word' id='word_1_100' title='bbox 581 3289 691 3344; x_wconf 88' lang='lat' dir='ltr'><strong>tamen</strong></span> <span class='ocrx_word' id='word_1_101' title='bbox 714 3299 785 3344; x_wconf 90' lang='lat' dir='ltr'><strong>non</strong></span> <span class='ocrx_word' id='word_1_102' title='bbox 809 3299 938 3365; x_wconf 89' lang='lat' dir='ltr'><strong>semper</strong></span> <span class='ocrx_word' id='word_1_103' title='bbox 957 3298 1036 3343; x_wconf 90' lang='lat' dir='ltr'><strong>eum</strong></span> <span class='ocrx_word' id='word_1_104' title='bbox 1053 3298 1129 3364; x_wconf 87' lang='lat' dir='ltr'><strong>per-</strong></span> 
     </span>
     <span class='ocr_line' id='line_1_19' title="bbox 161 3388 1130 3474; baseline -0.003 -22"><span class='ocrx_word' id='word_1_105' title='bbox 161 3388 331 3474; x_wconf 86' lang='lat' dir='ltr'><strong>cipiamus</strong></span> <span class='ocrx_word' id='word_1_106' title='bbox 352 3407 483 3453; x_wconf 89' lang='lat' dir='ltr'><strong>necesse</strong></span> <span class='ocrx_word' id='word_1_107' title='bbox 513 3398 578 3467; x_wconf 79' lang='lat' dir='ltr'><strong>est,</strong></span> <span class='ocrx_word' id='word_1_108' title='bbox 613 3399 645 3453; x_wconf 87' lang='lat' dir='ltr'><strong>et</strong></span> <span class='ocrx_word' id='word_1_109' title='bbox 671 3408 785 3455; x_wconf 85' lang='lat' dir='ltr'><strong>revera</strong></span> <span class='ocrx_word' id='word_1_110' title='bbox 814 3388 942 3473; x_wconf 85' lang='lat' dir='ltr'><strong>saepius</strong></span> <span class='ocrx_word' id='word_1_111' title='bbox 967 3407 1046 3452; x_wconf 92' lang='lat' dir='ltr'><strong>eum</strong></span> <span class='ocrx_word' id='word_1_112' title='bbox 1062 3392 1130 3451; x_wconf 81' lang='lat' dir='ltr'><strong>non</strong></span> 
     </span>
    </p>

    <p class='ocr_par' dir='ltr' id='par_1_10' title="bbox 124 3482 1129 4023">
     <span class='ocr_line' id='line_1_20' title="bbox 124 3482 1129 3586; baseline 0 -24"><span class='ocrx_word' id='word_1_113' title='bbox 124 3482 127 3489; x_wconf 57' lang='grc'><strong>’</strong></span> <span class='ocrx_word' id='word_1_114' title='bbox 159 3497 369 3584; x_wconf 90' lang='lat' dir='ltr'><strong>percipimus.</strong></span> <span class='ocrx_word' id='word_1_115' title='bbox 426 3499 581 3585; x_wconf 83' lang='lat' dir='ltr'><strong>Exempla</strong></span> <span class='ocrx_word' id='word_1_116' title='bbox 608 3486 780 3586; x_wconf 85' lang='lat' dir='ltr'><strong>praeterea</strong></span> <span class='ocrx_word' id='word_1_117' title='bbox 807 3507 1052 3576; x_wconf 84' lang='lat' dir='ltr'><strong>memorantur,</strong></span> <span class='ocrx_word' id='word_1_118' title='bbox 1076 3517 1129 3563; x_wconf 87' lang='lat' dir='ltr'><strong>ra·</strong></span> 
     </span>
     <span class='ocr_line' id='line_1_21' title="bbox 161 3606 1128 3698; baseline 0.001 -27"><span class='ocrx_word' id='word_1_119' title='bbox 161 3606 250 3671; x_wconf 90' lang='lat' dir='ltr'><strong>riora</strong></span> <span class='ocrx_word' id='word_1_120' title='bbox 274 3608 433 3693; x_wconf 86' lang='lat' dir='ltr'><strong>quidem,</strong></span> <span class='ocrx_word' id='word_1_121' title='bbox 467 3618 595 3694; x_wconf 89' lang='lat' dir='ltr'><strong>partem</strong></span> <span class='ocrx_word' id='word_1_122' title='bbox 625 3610 797 3698; x_wconf 87' lang='lat' dir='ltr'><strong>quandam</strong></span> <span class='ocrx_word' id='word_1_123' title='bbox 826 3608 976 3695; x_wconf 89' lang='lat' dir='ltr'><strong>corporis</strong></span> <span class='ocrx_word' id='word_1_124' title='bbox 998 3627 1128 3672; x_wconf 88' lang='lat' dir='ltr'><strong>omnem</strong></span> 
     </span>
     <span class='ocr_line' id='line_1_22' title="bbox 160 3716 1126 3807; baseline -0.001 -26"><span class='ocrx_word' id='word_1_125' title='bbox 160 3716 301 3782; x_wconf 87' lang='lat' dir='ltr'><strong>amisisse</strong></span> <span class='ocrx_word' id='word_1_126' title='bbox 328 3718 488 3784; x_wconf 84' lang='lat' dir='ltr'><strong>sentiendi</strong></span> <span class='ocrx_word' id='word_1_127' title='bbox 511 3719 718 3796; x_wconf 79' lang='lat' dir='ltr'><strong>facultatem,</strong></span> <span class='ocrx_word' id='word_1_128' title='bbox 744 3719 873 3807; x_wconf 78' lang='lat' dir='ltr'><strong>integro</strong></span> <span class='ocrx_word' id='word_1_129' title='bbox 891 3727 1004 3783; x_wconf 86' lang='lat' dir='ltr'><strong>temen</strong></span> <span class='ocrx_word' id='word_1_130' title='bbox 1022 3736 1126 3782; x_wconf 87' lang='lat' dir='ltr'><strong>rema·</strong></span> 
     </span>
     <span class='ocr_line' id='line_1_23' title="bbox 156 3826 1127 3917; baseline 0 -26"><span class='ocrx_word' id='word_1_131' title='bbox 156 3836 256 3893; x_wconf 90' lang='lat' dir='ltr'><strong>nente</strong></span> <span class='ocrx_word' id='word_1_132' title='bbox 292 3837 386 3892; x_wconf 89' lang='lat' dir='ltr'><strong>motu</strong></span> <span class='ocrx_word' id='word_1_133' title='bbox 422 3827 564 3893; x_wconf 90' lang='lat' dir='ltr'><strong>animali.</strong></span> <span class='ocrx_word' id='word_1_134' title='bbox 622 3829 832 3917; x_wconf 83' lang='lat' dir='ltr'><strong>Quamquam</strong></span> <span class='ocrx_word' id='word_1_135' title='bbox 869 3826 1127 3892; x_wconf 85' lang='lat' dir='ltr'><strong>demonstratum</strong></span> 
     </span>
     <span class='ocr_line' id='line_1_24' title="bbox 158 3935 1124 4023; baseline -0.002 -24"><span class='ocrx_word' id='word_1_136' title='bbox 158 3937 215 4013; x_wconf 88' lang='lat' dir='ltr'><strong>sit,</strong></span> <span class='ocrx_word' id='word_1_137' title='bbox 246 3958 372 4003; x_wconf 87' lang='lat' dir='ltr'><strong>sensum</strong></span> <span class='ocrx_word' id='word_1_138' title='bbox 395 3958 463 4003; x_wconf 87' lang='lat' dir='ltr'><strong>non</strong></span> <span class='ocrx_word' id='word_1_139' title='bbox 483 3938 544 4004; x_wconf 91' lang='lat' dir='ltr'><strong>nisi</strong></span> <span class='ocrx_word' id='word_1_140' title='bbox 562 3936 672 4004; x_wconf 74' lang='lat' dir='ltr'><strong>motus</strong></span> <span class='ocrx_word' id='word_1_141' title='bbox 694 3959 757 4023; x_wconf 86' lang='lat' dir='ltr'><strong>ope</strong></span> <span class='ocrx_word' id='word_1_142' title='bbox 776 3937 811 4001; x_wconf 91' lang='lat' dir='ltr'><strong>in</strong></span> <span class='ocrx_word' id='word_1_143' title='bbox 831 3935 1030 4003; x_wconf 86' lang='lat' dir='ltr'><strong>animalibus</strong></span> <span class='ocrx_word' id='word_1_144' title='bbox 1047 3952 1124 4020; x_wconf 92' lang='lat' dir='ltr'><strong>pro·</strong></span> 
     </span>
    </p>
   </div>
   <div class='ocr_carea' id='block_1_5' title="bbox 0 0 1302 4718">
    <p class='ocr_par' dir='ltr' id='par_1_11' title="bbox 0 0 1302 4718">
     <span class='ocr_line' id='line_1_25' title="bbox 0 0 1302 4718; baseline 0 0"><span class='ocrx_word' id='word_1_145' title='bbox 0 0 1302 4718; x_wconf 95' lang='lat' dir='ltr'><strong> </strong></span> 
     </span>
    </p>
   </div>
  </div>
 </body>
</html>
