2596 4718
627 390 688 459 137

173 575 388 660 respondent,
430 531 458 636 si
497 572 651 636 alimenta
687 520 791 654 anxie
828 578 908 634 sunl·
939 570 1140 656 quaerenda.

173 683 334 749 Nobiliori
353 691 391 746 ⁴et
420 671 601 744 orltlimieri
628 698 734 764 scopo
751 698 810 743 rao
827 697 898 744 non
917 679 1140 755 satisfaciunt,

175 793 236 858 nisi
257 790 365 897 aicttls
386 789 549 855 sufficiens
571 789 670 875 copia
691 788 727 852 in
749 797 905 874 promptu
927 788 978 852 sit.
996 810 1045 837 ·-
1093 822 1120 841 -·

217 1117 253 1181 Si
280 1117 384 1182 modo
414 1126 656 1205 argumentum,
691 1116 785 1203 quod
813 1114 880 1181 hoc
903 1116 1067 1203 incapite
1083 1116 1142 1182 da-

171 1227 422 1292 monstrandum
450 1236 518 1303 est,
549 1208 779 1312 respiciamus,
811 1224 920 1302 nervi,
944 1244 1030 1312 quos
1049 1224 1143 1290 etad

116 1341 119 1344 ’
164 1338 362 1402 Διιοοιινιιὶαηι
394 1345 428 1402 et
455 1336 514 1400 ad·
528 1344 669 1402 terrram
690 1352 784 1427 meaa
809 1333 981 1400 divisionis
993 1335 1144 1400 classem

174 1446 289 1524 retuli,
312 1465 425 1512 revera
444 1444 651 1532 conjunctim
668 1443 872 1509 considerari
887 1453 1042 1529 possum,
1061 1443 1143 1508 utri-

165 1575 284 1642 3usque
296 1556 385 1620 enim
403 1554 515 1621 classis
531 1552 773 1619 nera-easdem
788 1572 870 1637 prae
887 1572 923 1616 se
938 1552 1047 1617 leramt
1063 1571 1143 1638 pro-

173 1665 347 1750 prietates,
380 1663 498 1728 thesin
513 1672 673 1727 aoamm
700 1661 944 1726 confirmantes.
966 1692 1010 1709 -
1031 1660 1146 1726 liceat

173 1782 283 1839 autem
303 1793 323 1836 e
349 1772 404 1838 via
435 1770 604 1857 paulisper
621 1769 783 1836 divertere
803 1779 913 1855 atque·
930 1768 1142 1856 investigare,

172 1881 311 1968 quinam
341 1879 434 1947 nervi
463 1878 508 1943 ad
539 1879 737 1955 secundam,
779 1879 916 1965 quinam
940 1879 985 1943 ad
1014 1878 1146 1944 tertiam

149 2047 152 2053 .
173 1991 361 2076 pertineret
378 1989 525 2075 classem.
576 2041 579 2044 .
1002 2010 1005 2015 ·

214 2207 350 2273 Praeter
382 2206 560 2294 olfactum,
593 2207 698 2272 visum
723 2217 757 2271 et
771 2207 928 2277 'auditum
954 2225 974 2270 e
999 2204 1144 2271 sendbus

172 2315 394 2402 peculiaribus
413 2314 526 2409 adhuc
543 2325 668 2399 restant
690 2324 852 2402 gustasset
873 2323 992 2386 tectus.

219 2424 253 2489 Si
295 2425 483 2490 accuratius
509 2425 619 2491 varios
644 2425 768 2491 nervos
797 2406 1050 2510 investigamus,
1084 2423 1144 2511 qui
1213 2444 1215 2454 ·

173 2534 302 2598 duabus
317 2531 407 2612 hisce
426 2533 548 2599 ultimis
567 2529 975 2618 facultatibus'praesunt‚
998 2533 1143 2600 invenie-

156 2663 245 2712 .mus
269 2642 454 2728 peculiares
479 2642 616 2729 quidem
630 2661 750 2707 aeram
766 2640 883 2728 gustui
892 2654 1063 2726 praeesse,
1088 2641 1146 2706 sed

171 2770 286 2816 omnes
308 2749 378 2839 lere
402 2770 522 2843 ¹nervos
555 2747 666 2835 sensile
701 2747 820 2836 (tribus
845 2752 988 2836 mpremi
1020 2750 1145 2816 ordinis
1188 2821 1191 2835 ,

170 2860 278 2926 nervis
294 2861 439 2945 exceptis
456 2857 522 2946 (ll)
547 2860 653 2925 tactui
671 2858 825 2924 inservire
841 2846 949 2944 pesse.
994 2860 1067 2924 Hoc
1091 2881 1145 2924 re·

172 2978 289 3054 spectu
305 2968 391 3034 duae
407 2970 550 3057 ultimae·
560 2969 681 3033 classes
698 2977 833 3032 cosme
846 2967 1014 3036 divisionis
1030 2988 1144 3034 revera

171 3077 365 3155 confluunt,
408 3098 514 3165 quum
547 3078 656 3164 primo
693 3076 854 3162 adspectu
891 3077 1001 3141 nullus
1026 3098 1145 3172 nervps

170 3186 362 3253 sensaticnis
392 3186 532 3254 inveniri
562 3186 683 3272 possit,
718 3187 801 3273 quin
821 3185 918 3251 certis
944 3186 1003 3252 suh
1025 3187 1143 3253 condi·

168 3416 521 3441 m

183 3557 352 3630 ‚thartam
372 3557 542 3626 excipiendus
564 3563 604 3612 esl
628 3557 665 3612 N.
686 3576 784 3628 vagas,
803 3557 851 3628 qui
875 3563 963 3611 men
986 3573 1036 3610 nec
1058 3557 1150 3614 nervis

265 3640 345 3707 vitae
365 3642 497 3695 Animalia
512 3659 562 3695 nec
578 3640 668 3696 nervis
682 3641 763 3695 Vitae
779 3641 925 3710 organicae
944 3640 1152 3692 annumerandus

265 3727 317 3775 est.
350 3723 491 3776 Praeterea
510 3725 589 3777 etiam
606 3724 729 3777 nonnulli
749 3725 816 3776 rami
838 3741 983 3782 nervorum
998 3721 1153 3775 mantionis

263 3803 454 3872 invaduntur,
473 3807 520 3879 qui
539 3807 623 3861 tactui
641 3825 759 3876 praeesse
780 3807 856 3859 nullo
875 3807 958 3860 modo
975 3811 1102 3874 possunt,
1122 3812 1151 3857 ut

265 3885 350 3942 Nervi
366 3891 466 3944 nauales
490 3892 650 3966 posteriores
666 3898 693 3944 et
716 3890 880 3958 superiores,
905 3889 980 3946 nervi
998 3889 1149 3959 conjuacti-

266 3986 332 4035 vae,
351 3980 416 4024 caet.
