2596 4718
715 347 757 412 74

256 535 424 602 voluntate
457 528 627 615 perficitur
664 528 870 614 aliquatenus
906 530 1127 595 automatious
1154 544 1217 610 est,

256 655 291 708 at
319 661 415 717 vero,
450 639 601 726 qramris
619 633 770 718 voluntas
793 639 863 703 non
882 637 983 716 desit,
1007 641 1150 707 sensatio
1169 642 1221 707 ni·

251 751 426 816 hilominus
447 750 559 815 adesse
571 748 699 834 potest.

294 859 594 946 Bapeniuantum'
607 863 647 922 s'n
674 878 766 922 rana
787 859 1005 943 deeapai‘ato,
1036 857 1221 923 attentione

254 968 484 1056 dignissimum!
514 977 579 1044 est,
618 987 687 1031 non
721 987 799 1033 vero
837 976 1064 1053 argumentum
1102 977 1222 1033 eontra

251 1100 361 1143 annun
390 1076 551 1142 theoriam
570 1075 638 1142 diei
663 1087 816 1142 meretur.
839 1075 1042 1162 ——Saepius
1071 1074 1140 1142 hoe
1164 1098 1220 1143 ex·

172 1213 174 1219 >
251 1186 469 1273 perimentum
494 1187 630 1250 institui.
661 1222 706 1233 —
736 1185 852 1250 Primis
878 1184 1008 1250 duobus
1034 1186 1088 1253 vel
1117 1186 1221 1253 tribus

248 1295 381 1360 minutis
406 1294 574 1373 secundis,
602 1305 780 1381 postquam
807 1305 908 1380 eaput
929 1294 1108 1360 abseissum
1122 1307 1215 1374 erat,

246 1405 338 1469 nulla
357 1405 504 1469 insecuta
527 1415 573 1469 est
592 1405 734 1482 reactio,
747 1464 752 1474 ,
764 1405 875 1468 nullus
894 1415 1018 1482 motus,
1049 1424 1112 1473 neo
1130 1415 1210 1491 post

193 1494 200 1544 J
248 1511 524 1578 vehementiorem
545 1513 682 1600 quidem
703 1513 920 1604 irritationem
943 1513 979 1578 in
1004 1513 1219 1579 extremitati·

248 1620 312 1686 bus
332 1633 390 1687 aut
410 1623 629 1687 anterioribus
651 1633 708 1687 aut
731 1621 939 1708 posteriobus
960 1621 1214 1700 observabatur,
1249 1673 1253 1683 .

250 1730 329 1799 dein
347 1750 441 1809 vero,
463 1733 579 1798 iisdem
603 1732 779 1818 applicatis
800 1732 950 1808 stimulis,
974 1731 1218 1797 extremitatmn

228 1841 404 1919 'mussula‘
411 1839 575 1925 stercores
600 1863 668 1906 sese
693 1850 943 1918 contraxerunt,
966 1841 1014 1905 ita
1033 1851 1072 1906 ut
1093 1862 1220 1927 semper

246 1959 354 2019 artas
371 1959 447 2034 post
466 1951 566 2014 talem
585 1952 751 2017 stimulum
755 1951 998 2038 flecterentur.
1021 1984 1068 1998 -
1088 1950 1216 2015 Fortio·
1247 1991 1251 1997 -

246 2058 339 2127 filius
361 2058 515 2123 adhibitis
541 2059 676 2124 stimulis
697 2063 732 2124 in
759 2063 950 2126 alterutram
976 2060 1218 2133 extremitatum

247 2169 483 2255 posteriorum,
508 2179 650 2255 utraque
674 2172 859 2235 extremitas
879 2191 947 2235 sese
962 2170 1063 2240 ¹simul
1085 2180 1217 2235 eontra·

248 2277 391 2355 habant,
416 2296 523 2363 aeque
544 2297 586 2341 ae
609 2279 636 2341 si
655 2279 775 2343 saltare
784 2281 883 2345 vellat
897 2292 1103 2360 rana3r'ar1n
1119 2280 1218 2344 saltria

248 2395 361 2451 tamen
389 2406 572 2472 numquam
601 2387 847 2464 instituebatur,
880 2388 961 2473 quia
993 2398 1071 2472 post
1099 2409 1215 2453 unam-

248 2515 419 2582 quamque
437 2494 670 2571 irritationem,
695 2496 803 2559 uaa‘ea
820 2495 1035 2560 solummodo
1054 2500 1219 2584 sequitur

139 2596 142 2601 ²
247 2605 485 2674 musculorum
507 2609 718 2681 contractio,
752 2625 821 2691 qua
843 2606 1029 2670 extremitas
1051 2605 1213 2681 flectitur,

242 2716 338 2781 ,nulla
361 2716 436 2779 alia·
448 2717 640 2801 insequente
661 2724 792 2779 artuum
811 2716 1058 2791 contractione,
1082 2736 1215 2781 museu-

242 2826 296 2895 ¹los
312 2825 520 2890 extendente.
540 2859 585 2873 --
605 2821 831 2891 Extremitates
847 2825 894 2888 sio
910 2822 983 2910 jam
1000 2824 1109 2888 flexae
1124 2824 1217 2889 nulio

233 2930 351 3003 ‚modo
372 2934 416 2999 ad
437 2935 659 2999 extensionem
679 2934 839 2998 stimulari
860 2943 1035 3019 poterant,
1059 2933 1139 3011 sed,
1165 2932 1221 2999 sti·

247 3044 339 3107 mulo
365 3041 475 3108 denuo
506 3043 673 3121 adhibito,
700 3043 887 3108 contractio
915 3043 1025 3130 major
1049 3042 1222 3128 produce·

177 3212 180 3217 .
245 3151 366 3233 batur,
394 3174 500 3240 usque
531 3155 611 3218 dum
641 3153 776 3220 tandem
806 3153 946 3218 muscidi
975 3153 1118 3217 flexores
1149 3172 1218 3217 non

238 3262 383 3347 amplius
401 3282 469 3327 sese
491 3263 685 3329 contrahere
705 3274 863 3350 possent,
880 3265 927 3328 ita
946 3271 983 3327 ut
1000 3262 1141 3328 tandem
1159 3283 1216 3327 ex·
1246 3262 1249 3267 ’

243 3371 424 3436 tremitates
449 3371 642 3438 mechaniee
670 3373 897 3439 extendendae
928 3380 1052 3467 essent,
1086 3371 1134 3436 ad
1159 3372 1217 3437 sti·

242 3479 370 3575 mulum
390 3482 432 3545 de
451 3503 540 3550 novo
567 3483 803 3549 adhibendum.
826 3519 871 3531 -
894 3482 986 3570 Quae
1007 3501 1088 3548 vero
1107 3480 1217 3568 majo·

137 3604 142 3615 “
241 3586 312 3654 rem
338 3589 448 3656 adhue
475 3594 690 3659 attentionem
709 3603 870 3669 meretur,
891 3600 1083 3678 sequentem
1104 3591 1217 3655 obser-

135 3758 139 3766 .
242 3699 409 3766 rationem
434 3723 621 3788 proponere
643 3703 758 3767 liceat:
784 3704 809 3766 si
832 3703 990 3765 alterutra
1014 3701 1219 3765 anteriorum

243 3811 485 3876 extremitatum
503 3813 633 3878 stimulo
652 3813 795 3900 graviori
811 3812 977 3888 irritatur,
1002 3811 1111 3876 femur
1128 3809 1214 3897 ejus·

244 3919 318 3988 dem
346 3917 457 3988 lateris
483 3923 580 3988 vaide
606 3923 766 3999 flectitur,
788 3933 922 3988 extenso
940 3910 1036 3988 eiure
1056 3931 1089 3985 et
1110 3918 1214 4006 pede,
