2596 4718
642 406 663 470 6

169 596 234 664 est,
269 587 327 673 qui
350 606 469 671 corpus
490 587 671 673 singulasve
695 586 766 673 ejus
791 593 901 672 partes
922 607 1053 654 movere
1074 611 1133 674 po-

167 706 228 760 test
249 695 475 773 multifariam,
501 696 560 781 qui
588 706 619 759 et
648 704 811 758 mutatum
832 695 1053 761 membrorum
1073 718 1137 784 po-

168 807 282 899 situm,
316 794 376 891 per
400 805 530 892 longius
556 804 764 870 intervallum
786 826 913 870 serv-are
940 804 1046 882 valet,
1080 816 1138 872 aut
1174 849 1177 856 .

167 916 202 979 in
223 914 396 1001 pristinum
417 915 514 981 situm
534 913 714 978 restituere.
1106 928 1110 935 ·

189 1027 341 1094 ‘Monere
374 1033 484 1087 autem
515 1024 569 1098 vix
599 1044 682 1108 opus
703 1032 768 1096 est,
803 1022 920 1107 prioris
941 1033 973 1086 et
1000 1024 1137 1088 secundi
1176 1039 1179 1045 ·

166 1135 293 1222 generis
314 1143 440 1197 motum
463 1133 592 1196 directe
614 1142 670 1196 aut
691 1133 860 1196 indirecte
879 1132 921 1196 ah
939 1131 1045 1202 hocce
1062 1154 1135 1196 mo-

58 1238 61 1243 ’
165 1253 217 1308 tus
237 1241 562 1330 genere'provocari.

88 1388 96 1400 ·
209 1353 304 1416 Hune
331 1349 467 1436 quidem
493 1359 620 1423 motum
645 1349 884 1415 Voluntatem
904 1351 969 1419 sive
991 1348 1136 1419 Animo-

81 1540 88 1550 Ι
167 1458 232 1526 lem
254 1460 409 1535 dicimus,
435 1459 527 1523 illum
551 1457 682 1544 (prioris
704 1468 736 1521 et
751 1458 887 1529 secundi
899 1457 1044 1544 generis)
1068 1460 1134 1522 Ia-

156 1570 404 1645 ,vatcctaa‘cm
414 1567 479 1632 sive
495 1567 718 1655 Organr'cum.
744 1567 797 1630 'In
809 1577 879 1630 toto
892 1577 1001 1631 autem
1013 1587 1135 1654 corpo-

63 1687 71 1698 '
163 1699 217 1755 re,
250 1679 291 1741 in'
307 1675 457 1741 omnibus
476 1698 529 1740 sc:
550 1675 717 1760 partibus,
751 1691 838 1762 quae
859 1676 903 1739 ad
920 1677 1136 1743 nutritionem

130 1848 135 1857 ,
164 1787 312 1872 corporis
333 1786 524 1862 conterunt,
558 1786 658 1871 igitur
681 1795 749 1848 tam
769 1786 805 1855 in
824 1785 884 1862 iis,
915 1806 1001 1872 quae
1023 1786 1133 1851 Fune-

163 1895 306 1960 tionibus
327 1895 515 1981 organicis,
551 1914 653 1980 quam
680 1915 767 1979 quae
800 1892 1003 1961 Animalibus
1034 1895 1135 1979 desti·
1190 1881 1193 1887 ¹

160 2015 259 2077 natae
280 2013 372 2080 sunt,
405 2008 513 2067 motus
532 2003 587 2087 ille
609 2001 783 2088 organicus
803 2002 913 2082 adest3
945 2004 1024 2069 dum
1047 2024 1131 2068 con·
1214 2044 1217 2049 -

161 2123 212 2178 tra
240 2108 349 2178 niotus
377 2112 525 2177 animalis
553 2111 588 2174 in
618 2112 714 2184 certis
744 2110 951 2178 solummodo
981 2113 1133 2198 corporis

65 2301 69 2317 Ι
158 2221 307 2308 partibus
329 2206 473 2284 obtinet}
556 2244 563 2250 ·

203 2437 253 2524 2.)
288 2438 329 2501 Ut
363 2447 470 2514 autem
501 2437 643 2501 motibus
672 2438 740 2501 istis
770 2459 809 2501 ea
840 2438 937 2503 detur
969 2438 1128 2516 directio,

161 2567 249 2635 quae
271 2547 404 2630 corpori
424 2546 544 2631 prosit,
578 2555 614 2612 ut
640 2566 727 2632 quae
754 2546 846 2610 utilia
869 2556 962 2622 sunt,
997 2548 1133 2632 corpori

128 2693 133 2702 -
159 2656 331 2735 adierant,
365 2655 517 2719 nocitura
546 2655 681 2741 quaevis
712 2655 852 2740 effugere
879 2665 981 2741 atque
1008 2676 1027 2719 a
1053 2675 1132 2723 oor-

158 2786 239 2850 pore
259 2786 371 2830 arcere
389 2764 532 2850 possint,
556 2764 692 2829 Animus
706 2785 817 2828 rursus
837 2764 902 2829 alio
921 2764 1046 2850 indiget
1061 2765 1131 2834 Du-

146 2856 214 2950 oe,
239 2873 298 2959 qui
316 2873 428 2957 Ipsum
449 2871 608 2937 derebus
629 2872 788 2957 proficuis
810 2882 910 2957 atque
930 2872 1036 2936 noxiis
1057 2894 1132 2940 eer-

160 2982 277 3046 tiorem
305 2981 425 3058 faciat,
460 2981 504 3044 ad
530 2963 606 3044 illas'
630 2981 725 3067 quasi
750 2980 874 3057 ducat,
906 2981 949 3044 al>
974 2980 1024 3044 liis
1050 3003 1132 3047 vero
1164 2988 1168 2996 '

158 3100 280 3153 arceat.
326 3089 411 3151 Talis
437 3097 546 3152 eutem
567 3089 675 3153 Animi
697 3089 768 3152 Dux
786 3089 922 3162 Sensus
940 3099 1006 3164 est,
1032 3089 1130 3176 cujus

158 3198 302 3262 evolutio
323 3208 359 3260 ut
379 3208 412 3261 et
429 3198 603 3262 facultates
621 3198 800 3273 motoriae,
831 3200 909 3262 loco
928 3198 993 3290 sive
1013 3199 1131 3265 Medio

85 3343 88 3348 ,
162 3308 213 3391 (ut
232 3304 339 3392 ajunt)
361 3306 576 3392 respondent,
602 3307 637 3370 in
656 3329 725 3393 quo
741 3308 899 3379 'animalia
916 3309 1044 3383 vivunt,
1063 3328 1130 3373 nee

108 3439 110 3444 ’
156 3434 226 3478 non
242 3406 344 3490 ¹cibis,
369 3415 699 3500 quibus‘vesountur,
725 3425 757 3480 et
777 3400 939 3500 hostibus,
964 3416 1131 3500 aquibus
1189 3458 1192 3469 ·

159 3533 259 3588 semet
289 3524 466 3588 defendere
496 3523 628 3589 debent.
673 3525 799 3610 Corpus
829 3526 887 3590 illo
918 3544 1031 3597 carere
1057 3546 1130 3591 non

155 3640 281 3715 potest,
312 3652 390 3697 nam
418 3634 485 3698 sine
512 3633 614 3696 Sansu
640 3634 759 3698 Motus
785 3633 924 3719 quilibet
950 3633 1128 3711 Antistates

80 3718 111 3788 ἰ
156 3740 277 3804 nullius
306 3741 390 3805 soret
419 3743 585 3821 utilitatis3
623 3750 771 3828 utroque
802 3744 1014 3821 sohcmmoalo
1044 3729 1135 3809 con-¹

156 3852 333 3934 spirante,
365 3852 500 3927 animal
519 3853 667 3937 quodvis
689 3858 811 3925 revera
834 3852 972 3916 animal
992 3861 1056 3915 est.

197 3959 279 4022 Inde
306 3960 404 4044 igitur
430 3962 639 4046 intelligitur,
665 3961 739 4028 vim
760 3961 946 4030 animalem*
970 3971 1126 4027 constare
1212 4052 1215 4057 .
