2596 4718
687 351 752 421 162

274 535 303 604 1.
347 534 400 600 ld
421 533 512 598 illam
534 533 671 600 classem
692 533 858 603 referendi
879 545 971 601 sunt:

362 643 394 712 l.
440 643 579 710 Nervus
603 643 700 710 oculi
719 648 913 731 metantem

360 755 394 820 2.
441 789 572 804 --—-
604 754 839 838 trochleart's;

363 866 395 931 3.
440 899 573 913 -—-
603 865 790 931 abducens.

277 974 323 1041 11.
352 975 406 1039 Ad
432 973 520 1040 hanc
547 984 667 1040 eontra
696 968 810 1039 omnes
830 957 952 1063 reliqui
970 973 1063 1041 nervi
1075 976 1213 1041 motorii

348 1084 542 1171 pertinent.-

274 1308 389 1373 Liceat
420 1304 589 1390 paulisper
618 1300 676 1369 hle
704 1304 828 1368 morari
855 1313 958 1390 atque
986 1301 1026 1370 B.
1060 1303 1212 1370 Lectoris

228 1417 362 1506 judicio
380 1416 586 1481 committere
604 1415 781 1479 nonnullas
802 1415 1099 1492 considerationes,
1124 1436 1214 1503 quse

233 1528 416 1615 explicant,
442 1547 547 1612 quare
568 1535 633 1589 tres
658 1524 752 1591 nervi
777 1525 1003 1590 musculorum
1023 1524 1115 1590 oculi
1132 1525 1210 1589 nul-

183 1685 186 1690 2
232 1637 301 1702 lam
323 1637 482 1723 copulam
499 1635 613 1701 ineant
633 1655 710 1700 cum
728 1635 837 1702 nervis
857 1634 1050 1700 sensationis
1074 1633 1138 1723 (l).

276 1856 403 1941 Supra,
425 1876 503 1942 pag.
516 1855 579 1932 38,
596 1854 671 1942 jam
688 1855 820 1932 monui,
832 1853 1212 1920 nervosmotoriosideo

232 1988 310 2032 cum
335 1966 444 2032 nervis
470 1965 620 2031 sensoriis
651 1965 808 2051 copulam
834 1965 935 2043 inire,
960 1974 997 2030 ut
1014 1964 1108 2032 nervi
1129 1961 1213 2029 utri·

231 2097 338 2163 usque
366 2076 492 2142 ordinis
519 2075 580 2139 sibi
602 2075 746 2142 invicem
764 2076 972 2140 auxilientur.
1019 2075 1115 2139 Hanc
1131 2093 1211 2142 vero

232 2187 429 2253 sententiam
455 2184 514 2250 hlc
535 2186 636 2250 fusius
659 2186 883 2272 explicaturus
903 2203 985 2251 sum.

275 2301 384 2364 Motus
406 2298 557 2363 animalis
583 2308 616 2363 et
636 2296 747 2362 sensus
770 2297 838 2364 duo
865 2307 941 2362 sunt
961 2294 1211 2385 phaenomena,

232 2430 321 2495 quae
348 2409 410 2472 sibi
437 2408 580 2474 invicem
603 2409 651 2473 ita
675 2409 861 2473 necessaria
888 2417 982 2486 sunt,
1008 2407 1101 2473 utin
1120 2408 1213 2472 nulla

232 2517 301 2582 iere
333 2518 483 2604 corporis
497 2527 605 2603 ,parte
632 2529 785 2603 separata
804 2517 1026 2583 inveniantur.
1046 2551 1094 2564 -
1119 2517 1214 2598 Quo·

233 2627 294 2693 ties
312 2629 404 2695 nervi
423 2629 562 2693 sensorii
580 2628 711 2716 aliquid
731 2628 942 2715 percipiunt,
963 2648 1083 2695 nervos
1105 2637 1216 2692 moto·

264 2956 307 3029 (l)
328 2947 455 3010 Scelere
481 2953 533 3008 hae
557 2954 591 3008 dc
608 2972 639 3008 re
661 2954 699 3007 ita
717 2955 842 3009 disserits
877 2953 1033 3025 »Quaestio
1053 2952 1171 3023 insurgit
1190 2955 1223 3006 als

323 3057 341 3090 r
350 3039 517 3092 Anatomicis
536 3056 619 3108 seque
637 3056 667 3091 uc
682 3037 876 3108 aPhysiologis
893 3054 948 3090 non
959 3038 1129 3107 spernenda,
1141 3055 1221 3107 qnam

324 3122 475 3175 »nimirum
502 3124 537 3174 ob
565 3141 668 3176 causam
692 3123 836 3188 obveniat,
864 3130 894 3175 ut
913 3125 977 3176 dum
995 3123 1112 3175 musculi
1131 3139 1222 3175 omnes

325 3205 500 3275 »singulique
517 3206 663 3260 voluntatis
679 3208 757 3258 nutui
773 3208 950 3277 obsequentes
966 3207 995 3260 in
1011 3207 1139 3260 universo
1158 3224 1222 3260 cor-

324 3306 416 3357 »porc
440 3289 543 3359 duplici
565 3306 712 3346 nemorum
737 3291 832 3343 ordine
856 3290 980 3342 instructi
1007 3294 1089 3355 sunt,
1109 3291 1221 3342 motoria

324 3389 444 3440 nnempc
460 3380 488 3426 et
504 3379 637 3442 sensorio,
664 3376 778 3450 musculi
798 3375 907 3428 oculum
933 3381 1072 3428 moventes
1093 3374 1223 3426 duntaxat

259 3444 262 3453 ⁴
325 3461 474 3511 »semeriis
491 3458 619 3513 vitalibus
635 3459 726 3513 nervis
741 3476 833 3512 cerere
851 3458 1003 3514 rideantur.
1029 3456 1103 3509 Nam
1119 3464 1222 3510 certum

325 3548 378 3593 net
396 3541 581 3594 inconcussum
595 3549 662 3609 ‘est,
691 3541 790 3613 Quinti
816 3556 961 3598 nervorum
986 3542 1094 3595 cerebri
1119 3557 1220 3594 ramam

325 3622 575 3693 »ophthalmicum
605 3626 723 3679 orbitam
751 3627 987 3697 transgredientem
1017 3641 1053 3679 ne
1082 3625 1221 3678 minimum

312 3708 460 3776 ‚squidem
487 3707 654 3761 filamentum
675 3709 755 3778 valde
778 3711 929 3780 conspicuis
951 3709 1112 3780 ceteroquin
1133 3708 1222 3763 nervis

326 3808 343 3842 n
353 3791 461 3844 oculum
477 3793 647 3846 moventibus
662 3793 1082 3860 rddere.”-Conf.scsn1²lt,
1099 3796 1131 3847 de
1144 3796 1222 3846 Gas-

322 3877 387 3942 gls‘is
414 3879 494 3945 deque
518 3880 659 3946 utriusque
685 3881 785 3933 ordinis
808 3894 952 3934 stercorum
976 3883 1025 3933 cte.
1053 3877 1122 3931 Iris.
1141 3873 1219 3929 lasa.

223 4014 230 4025 ,
320 3956 392 4045 ΙΗείῑ
408 3959 479 4013 ΧΗ.
497 3978 556 4032 pag.
576 3961 653 4015 1329.
694 4015 702 4030 ,
