2596 4718
560 305 605 433 n

101 546 274 614 incolumis
281 562 295 627 ’ς1
319 544 387 610 imo
410 541 492 609 nihil
518 543 698 623 obnubet,
719 564 789 632 quo
810 547 925 628 minus
939 546 1066 617 illrum·

101 678 168 745 que
181 656 288 722 femur
301 653 363 720 sibi
382 652 523 730 irtvioem
541 651 773 722 adduceretur.
811 657 989 731 Iudireete
1007 678 1067 746 au·

100 775 187 843 tem,
212 764 249 829 ut
272 755 385 850 ajunt,
409 759 520 826 flexio*
535 764 640 827 cruris
665 774 697 828 et
715 764 809 851 pedis
827 766 1068 853 aliquantulum

30 926 32 930 ,
99 876 188 939 laesa
206 872 457 949 observabatur,
483 871 578 958 cujus
595 874 642 938 rei
659 874 695 938 in
713 889 813 940 causa
831 885 879 941 est
898 854 1069 962 dispositio

100 984 343 1059 musculorum,
368 982 501 1066 dequa
517 981 603 1046 intra
622 983 786 1068 copiosius
803 984 958 1050 monebo.
1017 999 1019 1008 ·

130 1093 233 1158 Haeo
254 1113 333 1158 vero
350 1089 598 1177 phaenomena,
623 1113 710 1178 quae
739 1093 968 1160 dissectionem
988 1092 1071 1182 jun·
1100 1177 1105 1186 Ι

99 1202 210 1288 gentis.
227 1201 314 1266 illius
335 1201 418 1265 rami
447 1200 515 1264 fere
541 1221 714 1287 nunquam
740 1223 810 1268 non
835 1213 948 1268 secuta
976 1212 1083 1282 sunt,

99 1312 264 1376 interdum
291 1311 365 1397 jam
396 1310 720 1390 animadvertuntur,
735 1322 912 1398 ,jpersecto
947 1313 1069 1377 solum·

98 1419 200 1484 modo
221 1420 327 1486 Neruo
345 1419 506 1506 inguinali
532 1439 630 1506 supra
649 1420 750 1506 ipsius
769 1420 965 1507 juncturam
992 1442 1070 1493 cum

98 1528 206 1593 Nerro
223 1529 356 1598 crurali.
403 1528 512 1610 Quae,
537 1549 640 1614 quem
662 1528 916 1596 luculentissime
929 1540 1066 1618 potero,
1148 1577 1153 1596 s

96 1633 153 1702 hle
169 1636 335 1723 explicare
356 1635 517 1702 conabor.

139 1744 182 1809 In
198 1744 420 1832 descriptione
446 1767 623 1812 nervorum
641 1747 883 1815 extremitatum
906 1742 1072 1834 posterio-
1105 1791 1110 1802 ·

94 1875 169 1918 rum
189 1853 307 1919 Ranae
337 1852 531 1920 llsculentae
561 1841 676 1921 monui
704 1854 777 1945 (l),
818 1878 948 1924 ramum
974 1856 1070 1923 illum

91 1963 288 2050 jungentem
320 1965 515 2051 plerumque
551 1971 734 2032 transversa
769 1964 952 2032 directione
993 1964 1067 2055 (2),

96 2072 227 2138 duobus
253 2073 364 2140 Nervis
408 2072 545 2162 (crurali
573 2085 606 2139 et
635 2074 809 2164 inguinali)
851 2075 1067 2163 interjacere,

93 2185 146 2249 vel
164 2182 300 2270 oblique
322 2180 373 2270 (3)
400 2202 419 2247 e
441 2184 563 2249 crurali
581 2195 786 2269 postrorsum
804 2185 850 2251 ad
867 2185 1070 2273 inguinalem

94 2294 236 2358 Nervum
254 2289 457 2378 procedere,
490 2293 596 2369 rarius
616 2314 696 2359 vero
722 2292 858 2383 oblique
882 2293 932 2383 (d)
955 2293 998 2359 ab
1017 2294 1071 2360 in·

76 2393 220 2490 ¹guinuli
238 2401 284 2467 ad
308 2402 472 2467 cruralem
489 2401 631 2468 Nerrum
657 2404 806 2469 transire.
851 2403 937 2468 lline
956 2403 1069 2490 sequi·

94 2515 172 2590 tur,
192 2512 290 2578 solito
307 2512 343 2576 in
362 2532 443 2577 casu
459 2532 587 2577 ramum
609 2512 790 2598 quemdam
807 2513 905 2579 Nervi
931 2511 1069 2578 cruralis

93 2641 161 2687 sese
188 2621 392 2709 conjungere
421 2638 498 2685 eum
520 2621 681 2708 inguineli
706 2622 830 2713 Nereo,
852 2621 901 2685 ita
927 2631 965 2685 ut
992 2628 1070 2707 post

93 2732 186 2796 illam
213 2730 504 2817 conjunctionem,
538 2729 715 2816 inguinalis
737 2731 861 2798 Nervus
896 2729 989 2816 fungi
1019 2728 1070 2795 ri·

94 2839 213 2904 deatur
226 2848 322 2925 parte
339 2838 411 2926 ejus
420 2837 578 2915 muneris,
600 2838 779 2904 ouirevera
796 2839 934 2916 cruralis
945 2832 1070 2905 Nervus

93 2948 242 3028 inservit3
265 2945 367 3042 haee,
385 2948 473 3014 enim
499 2947 629 3013 lunctio
655 2947 790 3013 minime
809 2947 971 3026 laeditur,
995 2968 1068 3013 sec·
1097 2987 1101 3004 ι

183 3297 288 3334 omnem
303 3287 423 3335 nostram
441 3288 559 3336 meretur
582 3280 770 3346 attentionem,
795 3293 861 3330 nam
873 3276 902 3330 in
917 3275 973 3329 illis
988 3291 1073 3344 expe-

182 3364 305 3418 rimentis
329 3366 426 3419 animal
451 3367 562 3437 quidem
577 3367 665 3420 femur
679 3365 770 3419 lateris
787 3363 851 3416 laesi
866 3361 992 3428 elevare,
1018 3375 1074 3413 non

182 3464 247 3502 vero
265 3450 343 3517 plane
353 3450 485 3504 adducere
500 3452 625 3518 valebat,
645 3452 674 3504 in
689 3449 742 3505 lroc
758 3468 774 3503 e
790 3453 883 3503 contra
899 3456 978 3513 catu,
998 3461 1072 3497 ramo

182 3527 269 3584 Nervi
287 3533 400 3586 ermalis
407 3535 541 3603 theclam,
561 3534 675 3596 elevatio
685 3524 798 3590 lemori'r
812 3548 864 3603 pro
878 3527 1072 3601 parteomnino

183 3612 270 3679 deleta
287 3621 336 3667 ert.
743 3631 747 3649 ·

122 3693 165 3765 (1)
186 3693 254 3749 Vid.
274 3697 362 3767 Supra
380 3718 438 3771 pag.
455 3701 500 3755 21.

122 3777 166 3846 (2)
185 3775 252 3831 vid.
270 3778 329 3850 Fig.
346 3779 370 3834 1.
390 3781 421 3836 B.
439 3791 466 3836 ἡ,
578 3813 583 3824 ,

123 3861 167 3931 (3)
187 3859 432 3934 vid.1='ig.11.*.
546 3928 550 3935 ι

121 3946 163 4016 (t)
181 3943 247 4001 Vid.
263 3947 323 4018 Εἰς.
341 3941 397 4003 111.
411 3957 436 4002 *.
